2966 4800
210 459 355 525 muelleri
384 457 424 522 dc
452 458 498 522 eis
529 455 689 520 sententia
697 454 723 539 1)
755 453 882 518 duabus
912 452 1070 536 imprimis
1100 459 1196 524 rebus
1222 460 1349 537 nititur,

209 559 456 647 primumquod
479 557 625 622 codicum
645 555 815 620 lectionem
836 575 944 620 omne
965 555 1008 640 (v.
1031 558 1118 644 318),
1147 582 1245 645 quam
1273 560 1349 624 reli.

210 665 267 748 qui
288 682 396 727 omnes
423 660 563 725 editores
592 659 625 722 in
653 678 801 724 omnem
831 663 1044 736 mutaverunt,
1076 664 1203 741 retinet,
1232 661 1350 726 deinde

211 765 298 850 quod
318 763 380 828 hac
400 759 649 844 interpungendi
670 761 894 826 ratione-usus
916 768 980 825 est:

296 865 475 947 Denique
502 865 577 929 iam
603 869 719 928 tuere
738 862 827 929 hcc:
851 863 997 928 circum
1017 884 1220 948 supraque
1242 864 1347 948 quod

382 986 492 1030 omne

297 1069 478 1134 continet
492 1065 673 1150 amplexu
686 1071 849 1144 terram,
871 1066 903 1130 si
917 1076 1111 1149 procreat
1126 1091 1170 1135 ex
1189 1091 1231 1134 sc
1247 1076 1307 1135 etc.

212 1172 275 1239 Sed
296 1172 378 1236 haec
398 1168 644 1255 interpungendi
665 1169 749 1231 ratio
772 1167 854 1232 feisa
876 1175 925 1234 est
945 1178 1118 1254 propterea
1133 1171 1219 1254 quod
1239 1178 1352 1236 tuere

212 1273 395 1358 significare
416 1292 479 1336 non
501 1277 626 1355 potest:
648 1276 775 1335 tecum
797 1278 943 1353 reputa
969 1273 1020 1338 vel
1042 1273 1265 1352 considera,
1294 1271 1352 1336 sed

211 1374 388 1460 significat:
411 1373 578 1439 animum
600 1379 790 1436 converte
808 1373 848 1436 in
869 1372 919 1438 vel
942 1375 1094 1458 aspice.
1145 1376 1230 1441 Vera
1251 1375 1353 1457 igitur

211 1475 459 1560 interpungendi
480 1476 564 1540 ratio
586 1472 666 1538 haec
688 1480 753 1537 est:

297 1579 474 1663 Denique
496 1577 569 1641 iam
591 1581 708 1640 tuere
729 1575 817 1655 hcc,
848 1578 996 1643 circum
1024 1598 1224 1663 supraque
1247 1576 1352 1660 quod

384 1679 517 1764 (omne)

298 1781 481 1847 continet
508 1779 692 1864 amplexu
713 1785 877 1846 terram:
899 1781 931 1844 ei
953 1790 1143 1863 procreat
1167 1803 1213 1846 ex
1235 1803 1275 1848 se
1290 1786 1351 1847 etc.
1458 1785 1459 1810 ¹

213 1901 336 1967 Deinde
358 1921 422 1965 nou
443 1920 554 1964 omne
575 1900 632 1964 sed
653 1919 799 1964 omnem
825 1895 1030 1966 scribendum
1062 1921 1130 1966 esse
1154 1900 1354 1966 demonstrat

212 2003 345 2070 Pacuvii
366 2001 457 2067 locus
479 2001 549 2086 (86)
582 2001 781 2065 aMunroue
803 2001 846 2066 ad
866 2001 951 2066 hunc
971 2001 1077 2068 locum
1098 2002 1225 2080 allatus,
1259 2023 1355 2086 quem

214 2105 383 2170 Lucretius
403 2105 438 2166 in
459 2102 697 2168 conscribendis
718 2101 860 2170 uersibus
874 2103 1044 2168 318-323
1067 2109 1142 2168 ante
1164 2102 1273 2168 oculos
1294 2103 1355 2169 ha-

212 2207 286 2272 buit
308 2195 341 2270 et
363 2205 482 2288 partim
503 2202 693 2268 verbotenus
715 2203 865 2269 reddidit.
909 2203 958 2270 Ibi
981 2204 1065 2269 enim
1085 2204 1166 2270 haec
1187 2203 1354 2287 leguntur:

213 2307 296 2373 Hoc
317 2306 424 2384 vide,
449 2307 596 2370 circum
625 2325 824 2390 supraque
855 2306 957 2388 qnod
986 2305 1190 2390 complexu
1224 2307 1353 2372 conti-

215 2414 283 2473 net
304 2407 557 2472 Terram...
606 2406 649 2471 Id
670 2407 923 2490 quodnostri
945 2409 1100 2475 caelum
1120 2415 1353 2486 memorant,
1458 2471 1459 2496 χ

216 2509 309 2576 Grai
341 2507 550 2593 perhibent
578 2508 760 2574 aethera:
790 2508 998 2592 Quidquid
1024 2518 1083 2576 est
1102 2509 1192 2590 hoc,
1222 2511 1355 2576 omnia
1458 2593 1459 2600 ἵ

216 2613 365 2696 animat
387 2608 534 2674 format
558 2607 630 2674 alit
652 2617 778 2694 auget
807 2618 916 2676 creat
946 2609 1098 2695 Sepelit
1126 2612 1355 2696 recipitque
1458 2615 1459 2662 i

216 2715 258 2777 in
279 2733 368 2777 sese
397 2711 540 2788 omnia,
578 2711 826 2794 omniumque
860 2711 963 2777 idem
993 2721 1052 2778 est
1078 2721 1217 2796 pater,
1249 2711 1355 2796 Indi·
1458 2701 1459 2774 ἕ

216 2813 381 2896 demque
417 2810 554 2877 eadem
590 2833 713 2895 aeque
741 2813 938 2878 oriuntur
973 2813 1017 2878 de
1047 2815 1206 2898 integro
1236 2821 1355 2897 atquc

180 2911 186 2923 ’
217 2915 350 2981 ecdem
372 2912 568 2979 occidunt.
611 2913 661 2979 Ex
681 2913 733 2978 his
753 2909 891 2999 'apparet
912 2915 1097 3002 Lucretium
1123 2914 1246 2980 verbisz
1277 2917 1355 2980 cir-

218 3039 306 3083 cum
329 3036 533 3099 supraque
555 3014 658 3099 quod
680 3036 828 3081 emnem
850 3018 1033 3082 continet
1059 3017 1241 3101 amplexu
1271 3023 1355 3082 ter-

217 3139 312 3196 ram,
335 3116 417 3180 nihil
438 3117 527 3183 aliud
548 3117 729 3202 significare
750 3119 886 3185 voluisse
908 3140 1006 3202 quam
1026 3123 1134 3198 adra,
1161 3138 1225 3204 quo
1254 3124 1355 3184 totam

217 3228 337 3287 terram
359 3220 589 3285 circumdatam
611 3241 680 3285 esse
702 3223 800 3287 etiam
820 3220 964 3287 versibus
986 3221 1047 3286 537
1071 3227 1104 3284 et
1124 3221 1188 3287 538
1209 3221 1304 3286 dicit:

306 3344 349 3387 ex
363 3323 526 3386 ineunte
542 3341 633 3386 aevo
649 3324 902 3390 coniunctam
924 3329 1044 3405 atque
1065 3323 1201 3388 uniter
1222 3329 1355 3404 aptam

301 3422 493 3507 partibus
514 3415 641 3489 aeriis
663 3424 808 3504 mundi,
832 3423 980 3508 quibus
1002 3424 1125 3490 insita
1146 3424 1255 3489 vivit.

219 3524 330 3608 Neque
351 3544 425 3589 veru
446 3525 480 3588 in
501 3547 547 3589 vv.
569 3525 738 3591 318—323
758 3528 971 3606 inveniuntur,
999 3547 1039 3592 ex
1065 3524 1182 3610 quibus
1212 3525 1355 3592 concludi

291 3790 311 3860 ¹)
330 3789 404 3856 „Fir
423 3788 587 3859 disjenigen,
606 3788 710 3842 welche
729 3788 790 3842 eine
802 3789 957 3858 Zerlegung
974 3806 1088 3844 unserer
1099 3791 1175 3844 Welt
1192 3791 1220 3843 in
1238 3789 1283 3844 die
1300 3791 1357 3844 vier

221 3877 427 3946 besprochenen
444 3876 704 3944 Elementerkdrper
725 3875 805 3930 nicht
823 3878 966 3943 statuitur,
997 3878 1116 3934 eundern
1143 3896 1196 3932 nur
1214 3895 1266 3932 von
1284 3877 1357 3932 Erde

220 3965 279 4020 und
298 3965 387 4020 einem
405 3963 616 4020 umfliessendcn
634 3964 680 4018 All
691 3963 832 4034 sprecheru
851 3963 888 4017 ist
905 3965 956 4018 der
967 3964 1071 4018 Beweis
1088 3966 1117 4020 in
1135 3965 1258 4034 gleicher
1268 3965 1357 4020 Weise

223 4051 354 4118 bindend,
379 4052 415 4106 da
439 4051 484 4105 ein
503 4051 657 4105 Austausch
683 4050 731 4104 der
756 4050 862 4122 Kbrper
885 4051 1020 4105 zwischen
1049 4053 1094 4105 All
1117 4053 1175 4106 und
1193 4053 1267 4108 Erde
1289 4052 1357 4110 auch

221 4139 293 4194 nucb
319 4139 394 4193 ihrer
411 4139 544 4209 Meinuug
571 4137 740 4206 etnttfindrri,
768 4139 824 4193 und
852 4139 939 4193 demit
963 4138 1015 4191 der
1039 4136 1224 4194 Stoffwechsel
1252 4144 1356 4195 cuneta·

221 4225 274 4282 tut
287 4223 349 4279 iuu‘
