2966 4800
270 1244 484 1328 Permagnam
505 1267 672 1312 numerum
694 1245 843 1310 carminis
864 1245 1050 1309 Lucretiani
1078 1265 1228 1312 versuum
1249 1269 1325 1332 par-

185 1347 244 1416 tim
267 1345 445 1412 scribarum
467 1367 574 1412 errore
595 1345 714 1430 partim
740 1347 836 1430 primi
865 1345 997 1433 editoris
1019 1347 1223 1432 neglegentia
1244 1345 1325 1415 falso

184 1449 254 1516 loco
276 1448 433 1515 traditum
456 1468 533 1525 esse,
555 1469 619 1512 non
636 1447 787 1532 estquod
800 1469 955 1516 moneam.
991 1443 1082 1513 illius
1096 1453 1222 1532 generis
1236 1473 1325 1516 men-

186 1551 300 1616 dorum
322 1557 409 1616 certe
429 1549 571 1617 maxima
591 1571 668 1634 pars
690 1573 764 1616 cum
784 1558 859 1618 ante
873 1549 1114 1624 Lachmannum
1136 1559 1169 1618 et
1182 1550 1325 1640 Bernay-

185 1655 268 1728 sium
290 1659 359 1718 tum
380 1651 496 1718 horum
517 1649 634 1718 eximia
655 1674 754 1736 opera
780 1652 909 1718 sublata
926 1658 994 1730 ,est3
1022 1647 1118 1726 huius
1140 1663 1249 1724 autem
1269 1677 1325 1738 ge-

186 1757 272 1819 neris
293 1755 410 1819 menda
430 1753 479 1818 illi
500 1753 662 1838 permulta
685 1751 874 1837 corrigenda
895 1749 1104 1836 reliquerunt

269 1855 352 1920 Nam
374 1877 427 1921 ars
450 1857 563 1922 critica
584 1859 618 1920 in
640 1856 782 1920 Lucretii
809 1857 949 1922 carmine
978 1853 1127 1922 iacienda
1153 1850 1326 1940 propterea

184 1960 218 2023 in
233 1975 357 2023 summa
371 1957 563 2024 difficultate
578 1966 636 2036 est,
660 1958 747 2040 quod
769 1965 838 2023 tam
860 1959 951 2038 rana
972 1958 1040 2023 cius
1054 1957 1171 2024 menda
1193 1965 1225 2023 et
1247 1959 1326 2024 vitia

184 2066 275 2136 snnt3
298 2081 401 2142 neque
424 2060 509 2124 enim
531 2060 634 2127 solum
655 2066 765 2124 textus
787 2061 845 2142 qui
866 2060 986 2126 dicitur
1012 2061 1191 2125 scribarum
1216 2060 1325 2143 negle-

185 2163 295 2244 gentia
325 2169 359 2226 et
386 2160 654 2244 interpolatorum
683 2161 733 2226 vel
760 2162 999 2246 interpolatoris
1023 2162 1186 2228 industria
1214 2162 1325 2226 admo*

185 2264 261 2328 dum
284 2269 455 2345 corruptus
478 2268 536 2340 est,
560 2263 617 2326 sed
638 2265 736 2328 etiam
758 2285 886 2330 carmen
907 2265 1092 2330 aLucretio
1111 2265 1183 2348 ipso
1203 2264 1323 2347 imper·

184 2366 312 2430 fectum
326 2385 432 2446 neque
453 2365 532 2429 catis
548 2364 732 2430 ordinatum
752 2366 902 2434 relictum
916 2374 973 2432 est
1010 2366 1124 2449 Itaque
1139 2367 1324 2450 saepissime

183 2466 230 2544 fit,
253 2476 299 2544 ut,
325 2467 472 2532 etiamsi
494 2465 716 2548 quemlocum
746 2488 860 2535 sanum
889 2489 953 2534 nnn
982 2488 1052 2533 esse
1080 2468 1242 2550 cognitum
1270 2468 1323 2545 sit,

183 2569 327 2634 dubitari
348 2576 455 2632 tamen
476 2569 587 2651 possit,
611 2569 739 2634 cuinam
761 2571 870 2651 generi
891 2570 926 2633 id
946 2570 1097 2634 mendum
1117 2569 1325 2634 tribuendum

184 2678 216 2738 et
248 2691 390 2754 quanam
420 2671 570 2735 medendi
599 2670 726 2734 ratione
753 2671 910 2736 utendum
931 2672 981 2735 sit.
1039 2671 1102 2736 Sed
1132 2691 1204 2735 cum
1234 2671 1324 2735 varia

183 2780 310 2838 exstare
331 2772 455 2852 menda,
479 2793 562 2854 quae
584 2793 605 2836 a
625 2772 731 2855 prima
745 2772 884 2838 editione
906 2773 1019 2838 veleb
1041 2772 1230 2857 imperfecta
1252 2793 1323 2837 car-

182 2875 277 2940 minis
300 2871 485 2940 condicione
506 2874 682 2958 repetenda
703 2875 777 2952 sint,
800 2896 873 2940 cnm
895 2875 950 2940 alii
979 2881 1049 2940 tum
1072 2871 1269 2940 Susemihlus
1291 2881 1324 2939 et

183 2975 354 3058 Briegerus
371 2976 450 3041 satis
466 2975 562 3041 certis
577 2977 775 3058 argumentis
789 2983 823 3040 et
837 2978 916 3042 satis
930 2976 1041 3043 multis
1061 2973 1214 3059 exemplis
1237 2997 1323 3041 com-

182 3079 402 3164 probaverint:
423 3079 451 3144 si
473 3098 575 3142 nexus
596 3081 828 3146 sententiarum
849 3099 946 3146 sanus
967 3099 1031 3144 non
1052 3099 1121 3144 esse
1142 3099 1247 3160 neque
1270 3098 1322 3142 sa-

182 3181 226 3246 tis
247 3179 335 3245 facili
357 3178 578 3244 emendatione
600 3183 709 3246 sanari
729 3202 823 3265 posse
845 3181 980 3258 videtur,
1001 3180 1139 3245 maxime
1161 3179 1203 3244 de
1223 3179 1322 3244 versi·

181 3281 243 3346 bus
264 3281 512 3364 transponendis
545 3289 603 3346 aut
625 3289 718 3348 extra
739 3284 889 3347 carminis
918 3282 1162 3348 continuitatem
1182 3281 1322 3364 scriptis,

182 3383 320 3450 secundo
342 3382 470 3446 demum
490 3382 560 3449 lcec
583 3383 623 3448 de
644 3382 944 3468 interpolationibus
976 3384 1112 3466 cogitari
1132 3401 1196 3447 non
1219 3381 1322 3446 solum

180 3483 259 3550 licet
279 3484 336 3548 sed
356 3483 571 3549 necessarium
593 3491 650 3549 est.

265 3585 372 3668 Atque
399 3586 464 3649 iam
493 3585 663 3669 permultis
693 3586 772 3650 locis
800 3583 944 3650 homines
969 3585 1058 3678 docti
1083 3584 1321 3668 transponendo

181 3687 323 3752 Lucretii
346 3708 473 3753 carmen
496 3689 529 3751 in
544 3687 707 3751 meliorem
728 3687 944 3754 condicionem
964 3686 1167 3770 redegerunt.
1205 3686 1257 3752 Sic
1279 3723 1320 3732 -

180 3795 218 3853 ut
241 3809 351 3853 earum
373 3810 457 3871 quac
472 3797 547 3873 post
562 3790 733 3855 editionem
746 3789 997 3873 Bernaysianam
1011 3788 1118 3854 factae
1132 3787 1182 3853 vel
1203 3807 1320 3871 propo-

180 3892 261 3955 titac
275 3891 341 3954 sint
350 3891 634 3974 transpositionum
647 3889 817 3956 nonnullas
831 3895 959 3955 tantum
973 3889 1114 3967 afferam,
1130 3909 1321 3972 quaequam

179 3993 316 4057 maxime
346 3999 454 4057 certae
482 3993 651 4058 videantur
673 4031 714 4039 --
747 3991 905 4074 Bergkius
926 4013 973 4057 vr.
995 3989 1035 4069 Π,
1071 3992 1154 4056 1170
1165 3991 1319 4071 ¹)-1173

252 4204 273 4272 ¹)
290 4203 419 4258 Numerir
436 4205 500 4257 utor
518 4202 734 4288 Bernaycianin
