2966 4800
702 291 739 355 17

148 477 206 561 27)
236 477 293 559 quii
321 483 396 559 post
423 498 452 541 v.
480 476 543 542 528
570 498 670 542 uuum
702 497 829 542 versum
864 476 1020 542 excidisse
1054 483 1150 561 putat
1177 476 1290 546 huius-

150 580 287 645 cemodi:

277 675 523 764 quapropter
551 679 671 744 simili
701 700 803 762 qnae
831 679 922 746 5551
952 679 1131 763 perfecta
1152 681 1290 766 figure.

233 781 281 846 Ut
301 789 425 848 certum
441 781 599 862 judicium
620 780 704 846 ferre
732 783 900 865 possimus,
928 803 967 846 ex
994 802 1031 846 rc
1060 784 1122 848 erit
1148 785 1291 866 singulas

149 885 326 950 sententias
356 905 527 967 eorumque
555 905 673 949 nexum
701 884 777 948 inde
799 905 820 950 5
841 906 869 949 v.
890 885 954 950 522
976 903 1077 968 usque
1104 884 1148 949 sd
1175 906 1204 951 r.
1227 887 1291 951 568

149 987 333 1058 accuratius
355 986 547 1051 examinare.
632 1027 633 1034 1

234 1088 281 1153 Ac
302 1089 441 1171 primum
461 1088 592 1171 quidem
612 1089 700 1172 quod
720 1089 763 1156 nd
784 1091 872 1173 ipsos
900 1110 948 1154 vv.
970 1086 1139 1152 529-531
1163 1089 1290 1166 5111551,

150 1191 248 1256 verbs
269 1212 313 1255 ex
334 1190 491 1255 infinito
513 1212 594 1269 non,
618 1198 656 1256 ut
683 1191 799 1256 Munrc
829 1198 863 1256 ct
882 1188 1192 1255 Hoerschelmennus
1220 1189 1241 1254 l.
1265 1211 1291 1255 c.

150 1291 269 1370 volunt,
293 1292 333 1356 de
353 1299 507 1376 tempore,
534 1293 592 1358 sed
617 1294 725 1375 potius
754 1293 795 1358 de
817 1294 922 1376 spatio
944 1291 1161 1374 intellegenda
1181 1291 1291 1356 viden-

150 1399 204 1458 tur
226 1414 303 1458 esse.
345 1393 510 1460 Promittit
530 1395 699 1462 Lucretius
732 1417 768 1462 55
801 1401 1002 1461 ostentorum
1035 1413 1103 1458 5555
1136 1414 1292 1460 summam

150 1515 258 1559 rerum
279 1499 459 1563 conservari
480 1497 665 1582 primordiis
687 1519 729 1562 ex
747 1496 873 1561 infinito
888 1495 994 1578 spatio
1010 1495 1292 1578 suppetidentibus

150 1597 274 1680 protelo
295 1597 465 1680 plagarum
485 1599 627 1682 undique
650 1599 845 1665 continuato.
890 1597 994 1663 Sumit
1012 1597 1114 1678 igitur
1136 1619 1293 1664 summam

151 1698 315 1780 quendem
336 1719 445 1764 rernm
470 1699 596 1768 finitam
626 1721 709 1777 5555;
741 1708 774 1766 51
801 1701 887 1766 hanc
916 1718 1071 1764 summam
1099 1700 1201 1763 teucri
1227 1721 1293 1766 non

151 1820 244 1882 posse
265 1799 484 1868 demonstrare
506 1803 584 1882 vult,
607 1803 669 1868 nisi
698 1803 876 1886 primordia
905 1807 998 1866 extra
1023 1800 1108 1865 huuc
1137 1820 1293 1866 summam

150 1903 217 1966 siut
237 1923 368 1968 numero
390 1901 525 1983 infinito,
549 1925 633 1988 quae
654 1904 796 1984 suborta,
819 1904 989 1989 quominus
1010 1901 1067 1966 ills
1087 1910 1209 1985 pereat,
1232 1905 1292 1969 im·

150 2003 293 2087 pcdisnt.

236 2105 329 2171 Nunc
350 2106 415 2170 iem
446 2107 749 2174 55155532-568
772 2115 983 2174 transeamus
1032 2105 1218 2170 Lucretium
1244 2127 1292 2170 vv.

54 2289 58 2300 ,
154 2209 324 2274 cll-568
347 2208 566 2274 demonstrare
587 2210 668 2275 velle
697 2210 740 2278 ad
764 2230 862 2274 uuam
892 2229 962 2273 rem
992 2206 1164 2272 creandam
1186 2207 1292 2273 cuius-

152 2311 199 2376 vis
213 2310 470 2394 primordiorum,
496 2313 674 2393 exquibus
696 2333 735 2378 55
756 2332 809 2376 res
831 2315 966 2387 constet,
989 2309 1114 2391 generis
1134 2309 1294 2376 infinitum

150 2411 390 2478 multitudinem
421 2415 635 2480 necessariam
673 2434 741 2480 esse
777 2419 870 2496 petet
904 2432 944 2476 ex
976 2409 1121 2476 51555515
1150 2433 1198 2478 vv.
1229 2413 1291 2478 567

152 2521 185 2579 et
202 2515 280 2579 568:

237 2634 324 2680 esse
350 2616 479 2699 igitur
507 2637 656 2699 genere
682 2617 722 2680 in
751 2617 890 2700 quovis
919 2610 1292 2698 primordie‘rerum

234 2716 402 2782 infinita
422 2716 553 2800 palam
575 2725 649 2797 est,
672 2717 773 2783 unde
796 2717 927 2783 omnio
956 2714 1292 2798 suppeditentur.

150 2815 262 2899 Neque
275 2838 351 2883 vero
365 2839 498 2901 prorsus
519 2821 726 2903 perspicuum
748 2826 807 2898 551,
831 2817 991 2901 quomodo
1006 2837 1046 2880 ex
1059 2837 1107 2880 vv.
1121 2817 1292 2882 541-566

150 2918 231 2984 haec
259 2919 420 2985 conclusio
443 2920 583 2986 deducta
604 2922 656 2986 sit.
700 2921 806 2986 Minus
828 2924 982 2986 55555515
1001 2917 1098 2982 huius
1121 2938 1292 3000 argumen-

150 3021 283 3085 tationis
305 3022 444 3087 conditio
466 3023 500 3086 in
522 3022 648 3088 duobus
669 3024 767 3089 rebus
788 3023 896 3107 posite
919 3041 987 3086 5555
1008 3025 1125 3103 potest
1171 3017 1205 3085 Si
1225 3021 1291 3088 Lu-

151 3123 271 3187 cretius
291 3145 338 3189 vv.
361 3123 530 3189 541-566
553 3124 771 3191 demonstrare
793 3130 921 3190 tantum
935 3120 1036 3187 voluit
1050 3121 1092 3189 ad
1106 3140 1203 3188 unam
1222 3143 1292 3187 rem

151 3224 323 3289 creandam
344 3227 499 3291 materiae
520 3228 645 3310 copiam
665 3225 824 3292 infinitam
849 3224 1065 3291 necessariam
1086 3243 1165 3302 5555,
1187 3223 1222 3288 15
1243 3246 1291 3290 vr.

151 3345 261 3390 eorum
289 3345 373 3408 quae
402 3327 444 3392 nd
466 3329 700 3395 conclusionem
729 3348 878 3393 versuum
905 3325 1075 3392 567-568
1109 3325 1292 3391 necessarie

151 3435 226 3492 suut
247 3427 496 3510 praemissorum
515 3453 615 3495 uuum
634 3437 763 3495 tentum
784 3429 955 3507 continent,
987 3427 1126 3493 alterum
1147 3425 1239 3492 deest
1259 3435 1293 3494 et

152 3529 345 3612 cogitatione
360 3530 544 3597 addendum
559 3539 623 3597 est:
646 3551 785 3614 „genere
799 3529 1010 3614 primordium
1025 3549 1066 3593 ex
1087 3526 1205 3609 quibus
1226 3549 1292 3594 555

150 3651 203 3696 res
225 3638 373 3697 constent
399 3633 493 3700 finito
523 3640 628 3700 sunt.“
671 3633 734 3699 Sed
764 3633 900 3716 cogitari
922 3632 1020 3697 etiem
1040 3636 1149 3714 potest
1169 3631 1289 3698 Lucre-

151 3734 592 3802 11555551155541-566
625 3736 736 3801 stetim
765 3734 984 3799 demonstrare
1012 3732 1149 3798 voluisse
1169 3734 1204 3797 in
1225 3734 1291 3798 sin·

151 3833 235 3917 gulis
268 3837 364 3900 unius
396 3839 443 3902 rei
471 3831 625 3904 materiae
656 3835 828 3921 generibus
859 3833 985 3899 infinita
1016 3853 1084 3900 5555
1105 3835 1290 3926 primordie

152 3936 244 4015 Quod
273 3938 301 4002 si
330 3938 440 4019 voluit,
474 3941 508 4004 in
534 3941 586 4006 his
607 3961 655 4004 vv.
676 3939 758 4003 heco
785 3937 944 4002 sententie
963 3936 1066 4002 inesse
1094 3936 1207 4002 debet:
1241 3939 1291 4017 „si

150 4041 246 4104 unius
267 4041 315 4104 rei
336 4041 584 4124 primordiorum
606 4061 758 4123 generum
779 4059 880 4104 unum
893 4037 1021 4102 finitum
1035 4044 1094 4118 551,
1116 4037 1212 4104 huius
1234 4059 1290 4122 ge·

150 4143 236 4206 ueris
271 4163 310 4208 55
338 4163 422 4226 quae
444 4144 576 4208 adrem
605 4142 776 4208 creandum
797 4140 979 4205 5555555155
1007 4146 1085 4204 snnt
1114 4140 1292 4222 primordie

151 4244 315 4311 conciliari
335 4265 399 4310 non
420 4253 564 4330 possuit,
586 4244 723 4330 ideoque
744 4264 796 4310 res
818 4242 945 4308 omnino
967 4242 1071 4306 creari
1092 4262 1156 4308 non
1173 4248 1290 4328 potest,

610 4362 616 4372 '
1041 4364 1058 4415 2
