2966 4800
742 243 783 308 38

104 429 108 440 ”
194 436 279 508 sunt,
312 449 439 495 versum
470 431 529 495 101
553 429 716 514 excipere:
738 429 907 495 Lucretius
935 435 1108 514 postquam
1136 428 1178 494 de
1199 430 1332 509 tonitru,

195 531 283 615 quod
303 530 443 597 nubibus
458 530 721 598 concurrentibus
735 532 889 608 nescitur,
912 530 1073 610 disseruit,
1095 532 1333 614 transgreditur

195 634 293 720 adid
314 635 471 699 tonitrum
492 655 600 718 genus,
623 633 711 717 quod
733 634 845 711 oritur,
876 655 950 698 oum
969 631 1071 698 nubes
1100 633 1225 711 „minus
1246 633 1332 699 fron-

193 737 282 801 tibus
304 737 447 801 adversis
470 742 665 801 concurrunt
686 755 784 818 quam
806 735 847 799 de
868 735 969 801 latere
997 741 1075 800 cunt
1095 735 1220 800 diverso
1243 741 1333 802 motu

194 838 345 904 radentes
367 859 503 921 corpora
532 839 691 902 tractim“
740 837 847 920 Atque
880 837 1148 921 quemadmodum
1175 837 1257 902 illud
1286 839 1333 904 sic

194 942 293 1006 otiam
313 940 497 1024 notgerus
520 961 578 1022 per
600 958 634 1005 se
656 941 736 1008 setis
759 939 937 1004 dilucidum
964 941 1095 1023 insuper
1116 938 1269 1023 exemplis
1290 940 1331 1006 ab

193 1043 265 1109 aliis
284 1044 382 1107 rebus
404 1042 580 1125 desumptis
601 1041 757 1107 illustrari
779 1062 859 1125 opus
881 1063 945 1107 non
966 1063 1036 1106 csse
1058 1043 1158 1108 duxit

228 1139 232 1145 ’
278 1143 371 1209 Nunc
392 1145 420 1210 si
442 1144 483 1207 de
504 1165 551 1208 11.
576 1144 742 1209 loa-107
765 1151 804 1210 et·
821 1145 989 1210 los—115
1011 1143 1205 1209 collocandis
1233 1163 1332 1225 quae-

192 1249 311 1313 rimus:
333 1246 380 1311 illi
402 1252 495 1312 extra
517 1267 645 1310 carmen
660 1249 846 1312 continuum
860 1247 973 1329 scripti
988 1252 1071 1311 sunt.
1103 1244 1332 1310 6111111111-

193 1351 322 1428 cretius,
346 1369 418 1414 oum
439 1354 542 1413 totam
563 1369 654 1412 suam
676 1349 716 1412 de
736 1347 909 1415 tonitribus
932 1356 964 1413 et
985 1347 1171 1414 fulminibus
1185 1347 1332 1430 disputa-

192 1452 312 1516 tionem
341 1451 421 1515 satis
458 1458 545 1516 certo
574 1451 781 1516 fumdamento
810 1471 920 1516 carere
953 1452 1102 1528 vidisset,
1132 1449 1230 1514 aliam
1255 1449 1332 1514 huic

192 1553 403 1636 disputationi
424 1560 551 1635 partem
571 1554 779 1636 praemittere
799 1554 833 1616 in
854 1554 960 1618 enimc
980 1552 1105 1630 habuit,
1128 1552 1250 1634 quade
1270 1573 1330 1616 nu·

192 1654 281 1720 bium
302 1661 420 1720 natura
441 1662 560 1737 ageret.
604 1656 661 1720 Vv.
686 1655 863 1734 108--115,
893 1655 980 1739 quod
1002 1655 1045 1720 ad
1066 1655 1259 1720 sententiam
1279 1660 1329 1720 at·

191 1757 284 1834 tinet,
306 1758 388 1821 bene
410 1778 483 1821 cum
504 1779 551 1822 11.
576 1759 744 1823 131-136
766 1759 1010 1838 coniunguntur,
1041 1756 1158 1839 quibus
1187 1757 1331 1820 tonitrua

192 1857 429 1938 describuntur,
453 1881 537 1942 quae
563 1861 667 1924 ventis
695 1858 807 1924 nubila
834 1857 1046 1942 perflantibus
1077 1859 1232 1924 oriuntur.
1280 1856 1331 1921 Ad

191 1960 254 2026 hoc
274 1961 452 2025 tonitruum
474 1981 574 2044 genus
604 1961 828 2044 explicandum
853 1962 919 2026 iam
950 1983 1050 2026 unum
1077 1959 1257 2043 exemplum
1283 1981 1330 2025 11.

194 2062 362 2127 135-136
392 2063 527 2128 allatum
554 2069 611 2142 est,
641 2083 780 2146 quocum
807 2083 955 2128 versuum
987 2062 1153 2128 103-115
1186 2060 1332 2144 exempla

190 2165 273 2228 bene
294 2165 541 2248 coniunguntur.

275 2265 393 2330 Forma
415 2273 524 2332 autem
545 2287 654 2332 versus
675 2267 745 2345 108,
767 2267 801 2330 in
822 2287 886 2349 qno
909 2265 951 2330 ad
973 2266 1071 2332 verba
1102 2265 1200 2330 dant
1228 2266 1330 2330 soni-

191 2374 276 2432 tum
298 2367 388 2432 aliud
410 2367 589 2434 subiectum
611 2369 821 2451 supplendum
845 2375 895 2432 111
916 2389 1014 2450 quam
1036 2367 1123 2451 quod
1137 2389 1165 2434 v.
1183 2369 1243 2432 136
1259 2389 1330 2432 cum

191 2469 312 2534 eisdem
333 2470 439 2535 verbis
461 2471 665 2536 coniunctum
686 2476 744 2548 est,
766 2490 830 2535 non
849 2471 897 2534 111
919 2476 1106 2552 comparata
1128 2475 1329 2547 111111111-

191 2593 261 2636 sere
282 2573 450 2655 possimus,
481 2573 668 2638 Lucretium
695 2595 742 2638 11.
769 2574 936 2638 los-115
963 2573 1012 2637 ita
1039 2579 1077 2637 nt
1105 2578 1181 2636 suut
1206 2577 1281 2654 post
1301 2593 1329 2634 1.

192 2675 253 2739 136
275 2673 506 2739 collocaturum
526 2674 633 2738 fuisse.
676 2675 792 2758 ltaque
814 2695 867 2740 eos
888 2681 1002 2758 postea
1023 2674 1189 2756 scripsisse
1203 2673 1330 2738 videtur

191 2796 228 2841 eo
260 2775 389 2858 quidem
417 2776 556 2854 consilio,
587 2783 624 2840 ut
654 2783 728 2860 post
760 2799 788 2841 1.
812 2778 873 2841 136
894 2783 1099 2860 ponerentur,
1129 2775 1187 2841 sed
1210 2796 1328 2853 eorum,

190 2899 274 2960 quae
295 2879 360 2943 iam
381 2879 504 2962 scripta
526 2885 626 2957 erant
650 2899 713 2944 non
734 2881 813 2945 satis
833 2881 959 2944 ratione
980 2878 1101 2944 habita

635 3049 687 3127 VI,
710 3050 887 3114 noo-403.

274 3186 330 3250 Vv.
352 3184 612 3250 400-4031000
632 3184 805 3251 movendos
828 3207 906 3265 esse,
934 3207 1129 3270 quemqnam
1158 3187 1328 3270 Briegerns

189 3288 294 3373 (Burs.
320 3287 411 3364 1876,
433 3286 473 3364 Π,
507 3287 582 3372 169)
616 3287 650 3352 id
671 3289 888 3352 necessarium
909 3310 972 3354 non
995 3309 1064 3353 esse
1094 3289 1190 3367 dicit,
1221 3297 1329 3354 tamen

187 3389 447 3454 Bockemuellero
469 3389 634 3454 assentiar.
670 3388 752 3454 Nam
771 3391 952 3468 simanent
975 3389 1031 3454 ubi
1045 3391 1160 3456 traditi
1174 3399 1258 3469 suut,
1281 3413 1327 3456 11.

188 3491 357 3558 390-403
379 3492 500 3556 arctius
522 3491 606 3554 inter
627 3511 661 3555 se
683 3492 920 3574 coniunguntur
941 3498 974 3556 et
987 3491 1113 3574 longius
1127 3493 1168 3557 ab
1184 3494 1231 3558 eis
1245 3515 1328 3576 quae

188 3600 367 3676 sequuntur
401 3594 619 3675 seiunguntur,
637 3637 639 3644 ·
658 3615 714 3658 our
750 3600 859 3658 autem
893 3615 940 3659 11.
972 3594 1143 3658 noo-403
1178 3615 1328 3659 uersuum

188 3697 358 3761 390-399
391 3703 578 3778 argumento
608 3697 774 3779 propiores
804 3696 869 3760 sint
898 3717 997 3778 quam
1016 3715 1127 3760 versus
1148 3697 1327 3773 404-405,

190 3818 253 3863 non
276 3797 483 3878 intellegitur.
538 3796 742 3862 Contrarium
766 3804 853 3862 certe
874 3797 994 3863 rectius
1015 3797 1223 3874 indicaverim
1253 3819 1328 3862 nam

188 3907 360 3984 postquam
387 3921 434 3964 11.
464 3900 634 3964 399-400
662 3900 845 3982 quaesitum
873 3905 931 3977 est,
961 3920 1018 3964 cur
1046 3899 1196 3984 luppiter
1227 3899 1328 3964 telum

189 4022 282 4066 suum
304 4002 343 4063 in
365 4008 476 4065 terra
497 4002 634 4085 optundi
655 4001 784 4079 sineret,
809 4001 975 4084 aptissime
1002 4002 1148 4084 sequitur
1170 4002 1326 4083 quaestio,

189 4104 306 4169 curin
334 4124 444 4168 mare
473 4105 590 4168 mittat.
641 4103 756 4186 ltaque
782 4123 971 4185 persuasum
1004 4103 1083 4168 mihi
1113 4109 1162 4168 est
1192 4125 1213 4167 1
1234 4123 1327 4168 versu

189 4207 252 4271 399
273 4204 315 4270 ad
343 4224 470 4268 versum
506 4205 570 4268 404
595 4204 866 4287 progrediendum
895 4225 972 4270 esse.
1021 4204 1133 4287 Neque
1160 4224 1328 4272 varocum
