2966 4800
729 261 772 324 34

179 455 212 512 et
233 469 261 513 v.
283 447 363 514 285:

262 570 348 613 nam
370 549 540 632 primum
564 547 756 631 quioquid
776 547 953 630 fulgoris
974 545 1145 629 disperit
1167 544 1213 608 ei.

178 651 284 733 Atque
315 657 449 734 propter
480 649 584 733 ipsam
616 649 700 714 hano
733 650 970 732 responsionem
1003 648 1173 712 Lueretius
1205 669 1232 711 v.
1255 647 1316 712 281

178 752 275 818 verbo
308 753 404 816 item
435 772 513 816 usus
546 770 615 815 esse
648 751 783 828 videtur,
813 751 901 833 quod
932 771 1108 833 numquam
1137 749 1224 830 apud
1247 769 1319 812 eum

178 873 264 918 mere
286 856 535 923 enumeretivam
556 856 620 920 vim
642 853 759 930 habet3
789 873 853 918 uno
882 859 1009 918 tautum
1038 853 1108 918 looo
1138 871 1159 914 a
1188 851 1320 933 propria

178 955 411 1038 significatione
445 958 547 1039 magis
578 955 703 1021 recedit
734 954 801 1040 (VI,
837 955 924 1039 948),
958 954 1014 1018 ubi
1044 952 1319 1035 transponendum

178 1079 248 1124 esse
268 1058 382 1140 postea
403 1058 589 1137 ridebimus,
612 1079 640 1122 v.
661 1077 735 1140 pag.
758 1058 808 1121 41.

261 1159 377 1242 Itaque
398 1181 445 1224 vv.
467 1159 637 1225 rte—280
658 1167 732 1242 post
752 1181 780 1224 v.
801 1161 865 1224 260
895 1157 1096 1222 collocandos
1126 1177 1195 1222 esse
1223 1163 1319 1239 puta-

180 1262 288 1338 verim.
331 1262 371 1326 Ei
395 1278 490 1344 quem
512 1281 655 1346 propono
687 1262 828 1345 partium
860 1261 965 1326 ordini
995 1260 1093 1326 verbe
1122 1259 1226 1341 quod
1256 1279 1319 1324 su-

177 1370 315 1446 perest
338 1365 379 1448 (v.
402 1364 480 1448 261)
503 1384 566 1428 nou
587 1364 725 1428 obstant.
768 1362 880 1446 Neque
895 1364 978 1428 enim
1002 1362 1084 1428 haec
1106 1381 1231 1445 sempor
1250 1381 1320 1426 eam

177 1465 301 1530 hebent
327 1463 608 1548 significationem,
643 1486 741 1547 quam
771 1464 1027 1546 Stuorenburgus
1057 1462 1078 1527 l.
1109 1483 1144 1541 a,
1175 1464 1320 1546 quemvis

176 1571 265 1629 reete
279 1567 464 1648 ceteroquin
485 1567 527 1630 de
549 1567 594 1631 eis
609 1567 830 1651 disputaverit,
854 1567 900 1631 eis
914 1566 1104 1631 vindicavit:
1125 1565 1319 1630 sohliess·

176 1664 280 1743 lieh3
302 1668 359 1732 sed
383 1667 600 1751 compluribus
627 1669 706 1734 locis
731 1669 780 1735 ita
810 1675 938 1733 tantum
969 1667 1074 1750 aooipi
1102 1673 1252 1750 possunt,
1283 1673 1321 1732 ut

178 1768 376 1850 significent:
398 1771 499 1853 quod
522 1772 682 1836 attinet
704 1772 752 1836 ed
774 1793 818 1836 ea
843 1791 943 1852 quae
968 1776 1137 1835 restant.
1186 1771 1235 1834 Ea
1262 1791 1319 1834 au-

178 1879 244 1936 tem
266 1891 350 1954 quae
371 1879 499 1938 restant
522 1893 593 1938 cum
615 1895 655 1938 ex
677 1874 894 1956 compluribus
915 1873 1063 1958 pertibus
1079 1879 1224 1938 constare
1245 1891 1320 1954 pos·

179 1975 252 2052 sint,
274 1974 373 2038 verbe
397 1975 500 2056 quod
523 1981 709 2058 superest
731 1974 877 2039 ultimam
899 1984 1025 2060 partem
1041 1975 1158 2038 ducere
1173 1994 1320 2039 necessa·

178 2076 263 2139 rium
285 2083 428 2154 nonest,
457 2077 514 2142 sed
540 2079 606 2142 iarn
633 2084 731 2141 antea
759 2078 910 2159 usurpari
938 2083 1081 2158 possunt.
1129 2075 1198 2138 Hoc
1227 2075 1321 2138 modo

179 2177 403 2259 explicandum
425 2184 482 2256 est,
506 2178 593 2260 quod
614 2178 652 2257 V,
677 2179 719 2242 64
739 2177 846 2260 quod
868 2183 1058 2258 superest
1077 2177 1259 2258 argumenti
1280 2176 1321 2240 li·

177 2277 229 2342 bri
248 2278 353 2360 quinti
376 2281 611 2344 enarrationem
633 2280 757 2345 duount
777 2299 882 2362 neque
904 2297 978 2342 vero
1002 2278 1143 2342 omnium
1164 2299 1248 2360 quae
1269 2298 1320 2342 re·

179 2385 269 2442 stant
289 2399 405 2445 rerum.
441 2380 556 2464 Itaque
576 2401 726 2445 versuum
748 2381 786 2459 V,
808 2381 851 2445 64
864 2401 952 2464 seqq.
975 2380 1134 2444 sententia
1154 2379 1235 2444 haec
1257 2385 1321 2444 est:

179 2479 293 2558 „Quod
314 2481 357 2544 ad
377 2502 415 2546 aa
435 2481 555 2548 attinet
575 2501 658 2566 quae
678 2490 818 2560 restent,
851 2504 955 2547 nuno
977 2481 1012 2566 (i.
1034 2503 1060 2546 e.
1082 2480 1165 2546 libro
1187 2481 1239 2566 V.)
1261 2480 1321 2545 has

178 2601 231 2646 res
254 2601 428 2664 exponam:
449 2584 604 2649 mundum
628 2604 698 2649 esse
718 2584 886 2649 mortalem
901 2590 982 2648 eto.“
1025 2583 1153 2647 Pariter
1173 2582 1320 2648 iudican-

180 2682 257 2746 dum
279 2691 329 2748 est
344 2685 390 2748 de
410 2685 447 2763 V,
474 2683 641 2764 laeejvl,
664 2687 728 2751 210
751 2685 806 2769 (of.
828 2684 916 2768 423),
940 2683 994 2762 Vl,
1018 2683 1090 2748 079.

268 2785 365 2850 Falsa
392 2804 477 2868 quse
505 2788 540 2849 in
567 2786 658 2851 codd.
689 2786 848 2851 iuvenitur
878 2784 1075 2866 singulorum
1109 2784 1319 2850 membrorum

181 2888 244 2972 (vv.
267 2888 446 2966 ael-272,
474 2889 653 2966 273-280,
682 2888 866 2973 eal-305)
895 2886 1062 2952 collocatio
1088 2889 1163 2952 inde
1189 2888 1323 2953 forsitan

50 3040 53 3046 .
181 2997 254 3056 orta
276 3009 344 3054 esse
365 2991 477 3073 possit,
499 2989 587 3072 quod
608 2990 732 3072 primus
753 2990 858 3054 editor
879 3027 920 3036 -—
942 2991 1115 3055 sitantum
1136 2990 1323 3072 diligentiae

183 3094 212 3157 ei
239 3092 394 3157 tribucre
407 3091 485 3157 lioet
507 3129 564 3171 -,
594 3112 668 3157 oum
696 3113 742 3156 vv.
764 3089 934 3157 276-260
967 3093 999 3156 in
1027 3093 1147 3156 scheda
1168 3092 1323 3174 singulari

181 3194 362 3272 invenisset,
386 3194 528 3258 ordinem
549 3215 596 3259 vv.
618 3195 682 3260 235
704 3200 738 3257 et
758 3194 822 3258 236
842 3194 1047 3258 observatum
1068 3200 1198 3259 secutus
1219 3195 1270 3260 sit

267 3296 402 3362 Duabus
423 3293 666 3377 quaestionibus
688 3293 845 3360 absolutis
866 3297 965 3360 tertia
985 3303 1090 3360 restat
1111 3297 1131 3360 i.
1147 3317 1173 3360 e.
1189 3295 1231 3358 de
1252 3316 1322 3359 ver-

183 3398 271 3463 sibus
293 3398 471 3462 eos-317.
514 3397 621 3462 Primo
643 3398 730 3480 quod
752 3418 791 3462 ex
812 3398 1023 3462 marrimorum
1041 3397 1150 3462 mundi
1165 3396 1323 3461 membro-

182 3521 254 3564 rum
281 3500 450 3563 nativitate
478 3505 512 3564 et
540 3499 739 3564 mortalitate
766 3499 971 3582 desumptum
998 3507 1049 3565 est
1077 3506 1265 3580 argumento
1296 3521 1322 3563 v.

183 3602 247 3666 305
267 3600 357 3664 fini-to
379 3601 516 3666 alterum
539 3609 763 3684 argumentum
784 3602 946 3684 particula
967 3602 1137 3684 denique
1164 3601 1240 3666 duci
1262 3621 1325 3666 non

184 3721 277 3786 posse
298 3701 579 3768 Bookemuellerus
605 3711 693 3768 recte
722 3703 885 3768 iudicavit.
928 3704 1101 3768 Praeterea
1128 3723 1214 3779 oum,
1244 3721 1324 3784 qno-

184 3805 279 3868 modo
300 3804 469 3868 Lucretius
490 3803 542 3869 his
563 3806 709 3870 versibus
730 3805 773 3868 ad
796 3805 905 3869 mnndi
927 3806 1128 3869 nativitatem
1151 3813 1184 3870 et
1205 3811 1324 3868 inerta-

183 3904 308 3970 litatem
331 3906 609 3971 demonstrandam
632 3908 681 3971 uti
701 3906 846 3985 voluerit,
869 3907 1073 3988 perspicuum
1088 3907 1218 3984 nonsit,
1240 3905 1326 3970 idem

184 4006 461 4073 Bookemuellerus
483 4030 537 4074 eos
559 4017 669 4093 partes
691 4017 820 4074 tantum
841 4009 1022 4091 argumenti
1049 4009 1212 4072 continere
1238 4015 1326 4072 recte

186 4117 302 4174 censet
335 4108 398 4175 Sed
412 4110 467 4176 ubi
484 4132 537 4176 eos
551 4113 668 4196 posuit,
692 4120 766 4194 post
787 4134 815 4177 v.
830 4112 902 4189 260,
924 4109 1028 4174 locum
1051 4110 1097 4172 ibi
1118 4129 1182 4174 non
1196 4109 1326 4176 habent.

185 4209 267 4275 Nam
289 4211 474 4291 Lucretius,
504 4220 676 4296 postquam
706 4234 753 4278 vv.
775 4213 945 4279 251-256
971 4210 1201 4277 mortalitatem
1220 4219 1328 4277 terrae
