2966 4800
730 223 770 288 18

179 407 269 474 Haeo
297 408 325 472 si
354 407 497 474 Lucretii
525 409 684 473 sententie
712 407 790 487 fuit,
819 409 923 474 minus
951 414 1103 474 seeurate
1131 429 1204 474 eum
1225 429 1320 475 versu

264 611 429 678 infinita
448 616 579 676 tamen
599 611 679 676 nisi
701 612 782 676 erit
803 612 863 676 vis
882 613 1071 677 materiai

181 734 221 780 aa
240 733 325 795 quse
346 712 500 794 cogitavit
521 711 696 794 protulisse
720 713 928 781 iudicandum
950 721 1015 790 est;
1045 713 1215 780 dicendum
1238 714 1320 778 enim

180 815 289 898 potius
310 820 397 880 erat:
419 814 502 891 „nisi
524 813 723 896 singidonum
744 836 896 896 generum
916 817 1081 893 materiae,
1105 835 1153 884 ex,
1173 836 1239 897 qua
1267 835 1320 880 res

181 922 315 994 constat,
338 913 463 980 infinita
484 922 561 981 sunt
580 917 786 1001 primordia.“
829 917 949 983 Versus
970 925 1079 983 autem
1100 919 1285 984 560-5612

265 1019 320 1082 sie
340 1017 417 1084 tibi
439 1019 474 1082 si
494 1018 618 1085 sinite
639 1019 760 1086 semel
781 1020 1003 1102 primordia
1026 1021 1224 1103 quaedam

266 1120 487 1184 constitues

179 1228 212 1287 et
232 1241 261 1287 u.
281 1223 342 1288 547
365 1223 399 1286 in
421 1220 516 1288 eodd
536 1221 583 1286 sio
603 1221 762 1288 maditus:

263 1325 412 1405 quippe
432 1323 579 1390 etenim
599 1329 756 1388 sumant
778 1322 887 1390 oeuli
908 1323 1032 1392 finita
1052 1347 1124 1408 por
1144 1347 1257 1392 omne

180 1426 219 1504 ei,
251 1445 350 1508 quam
380 1424 458 1502 dixi,
491 1419 668 1494 sententiae
698 1425 803 1492 minus
834 1425 974 1494 obstant
1028 1427 1098 1492 11111
1121 1429 1203 1492 euim
1223 1427 1323 1492 serbe

180 1527 370 1610 quaedam
391 1527 618 1608 primordia
640 1528 688 1594 ita
709 1528 813 1610 aeeipi
834 1535 980 1610 possunt,
1003 1536 1040 1596 ut
1067 1531 1162 1596 unius
1195 1529 1322 1610 generis

179 1629 357 1712 primordia
382 1626 580 1710 siguifieent3
607 1650 634 1693 v.
658 1635 768 1696 autem
788 1629 862 1708 541,
893 1651 965 1698 eum
987 1638 1158 1714 corruptus
1180 1631 1324 1698 traditus

179 1732 232 1810 sit,
254 1732 303 1796 sio
324 1729 460 1796 fortasse
481 1729 580 1796 scribi
601 1732 721 1812 possit:
964 1793 966 1798 ,
1283 1785 1284 1790 ,

266 1834 417 1916 quippe
440 1833 589 1898 etenim
608 1853 738 1900 sumes
758 1831 949 1916 quaedam
969 1831 1092 1900 finita
1112 1855 1182 1917 per
1202 1855 1321 1900 omne.

265 1935 327 2002 Sed
348 1936 381 1999 in
404 1954 597 2017 quacunque
627 1956 662 1998 re
690 1935 786 2000 huius
814 1936 1102 2016 argumentationis
1130 1937 1244 2002 vitium
1272 1935 1323 2002 vel

179 2038 285 2101 mimus
304 2043 458 2102 securata
478 2036 624 2101 eondieio
643 2037 751 2118 posita
771 2043 829 2114 est,
861 2043 948 2102 eerte
974 2057 1124 2102 versuum
1149 2036 1322 2103 -541-—568

179 2159 336 2204 summam
356 2139 405 2203 sie
426 2137 696 2221 eompuehendene
717 2158 903 2220 possumus:
926 2139 1052 2204 etiamsi
1073 2139 1245 2204 oeneedum
1266 2159 1322 2221 ge·

178 2242 264 2306 neris
286 2241 454 2306 ouiusdam
474 2259 572 2306 unam
592 2261 661 2306 rem
683 2240 784 2308 solem
810 2247 882 2306 toto
902 2247 1064 2306 terrarum
1085 2241 1164 2307 orbe
1184 2247 1321 2320 exstare,

179 2350 287 2408 tamen
300 2342 438 2408 euiusuis
453 2341 578 2432 genesis
592 2341 768 2424 mimorum
782 2339 908 2408 infinita
922 2361 991 2408 esse
1006 2343 1132 2410 debent.
1153 2343 1247 2420 Quod
1263 2343 1323 2408 hos

179 2463 288 2508 versus
311 2443 504 2525 praeoedere
527 2444 651 2522 debeat,
686 2442 781 2508 facile
811 2449 861 2508 est
891 2444 998 2508 dictu:
1029 2444 1202 2509 Lueretius
1226 2451 1323 2512 antea

181 2545 369 2628 exposuisse
391 2545 497 2625 debet,
519 2547 615 2613 uuius
635 2546 775 2614 ouimvis
797 2546 925 2627 generis·
943 2567 1052 2612 serum
1073 2567 1147 2611 eum
1171 2566 1321 2629 permag-

180 2669 240 2712 nus
270 2654 354 2711 esset
381 2669 540 2725 numerus,
570 2648 709 2712 cuiusuis
739 2647 866 2730 generis
892 2647 1070 2729 puimondio
1096 2646 1223 2712 infinita
1244 2667 1321 2712 esse.

181 2749 270 2814 Haeo
292 2756 400 2814 antem
428 2751 590 2814 sententio
616 2769 681 2814 non
708 2749 893 2816 totuinest
919 2749 953 2814 iu
980 2771 1033 2814 ss:
1050 2749 1239 2827 oua-540,
1266 2749 1324 2814 sed

181 2872 259 2936 pers
288 2858 433 2929 tantum,
466 2872 531 2934 qua
562 2851 703 2916 cuiusvis
732 2869 883 2932 generum
922 2871 1031 2916 mrum
1062 2851 1223 2934 permulto
1254 2869 1323 2916 ems

183 2951 330 3036 exempla
350 2952 513 3036 probetur.
564 2953 679 3036 Itaque
707 2960 782 3018 ante
810 2975 838 3016 v.
859 2953 922 3018 532
943 2954 1097 3020 nonnulla
1116 2953 1322 3028 exciderunt)

183 3063 282 3138 atque
303 3055 366 3120 hoe
388 3075 425 3119 eo
446 3056 549 3137 magis
570 3055 760 3120 sumendum
781 3061 840 3132 est,
862 3056 950 3136 quod
971 3078 999 3121 v.
1021 3057 1084 3122 532
1099 3077 1168 3138 sqq.
1184 3053 1323 3120 affetum-

182 3164 246 3236 tur,
268 3177 352 3240 quae
372 3155 508 3222 aduersa
536 3177 576 3220 ex
605 3163 699 3239 parte
729 3156 848 3238 opponi
869 3160 1003 3240 possint,
1032 3178 1127 3224 nemo
1151 3164 1260 3222 sutem
1281 3155 1324 3220 ud

183 3279 222 3324 aa
255 3278 339 3340 quse
372 3279 412 3322 ex
444 3257 577 3322 adverso
612 3258 678 3322 diei
707 3259 831 3340 possint
851 3259 1024 3326 refutanda
1046 3261 1188 3338 tnansine,
1205 3263 1322 3341 potest,

182 3362 370 3445 priusquam
390 3361 426 3424 id
448 3359 621 3438 contendit,
644 3366 757 3424 oontro
777 3361 866 3442 quod
887 3361 1011 3444 aliquid
1033 3363 1117 3428 obici
1137 3361 1248 3444 possit

267 3462 427 3526 Vessuum
457 3461 595 3544 denique
627 3462 797 3531 tau-528
831 3471 1056 3544 argumentum
1087 3464 1166 3528 satis
1197 3458 1323 3544 perspi-

185 3585 280 3628 euum
299 3570 367 3628 est:
386 3565 436 3641 „si
458 3563 613 3630 distantis
633 3563 807 3630 ionmemm
828 3563 922 3630 finita
943 3574 993 3631 est
1012 3566 1155 3630 etunius
1169 3564 1324 3644 cuiusque

185 3665 309 3748 genesis
330 3665 507 3746 primordia
528 3668 626 3731 etiem
647 3664 740 3730 finito
762 3674 847 3745 sunt,
870 3689 993 3734 summo
1020 3667 1177 3733 materiae
1198 3663 1325 3730 infinita

185 3774 243 3844 est,
266 3768 377 3847 itaque
400 3787 473 3830 oum
494 3767 651 3834 distantia
671 3769 845 3834 formarum
867 3767 960 3834 finita
989 3770 1040 3846 sit,
1069 3769 1102 3832 in
1132 3786 1324 3849 unoquoque

186 3889 299 3952 genere
320 3866 447 3934 intuita
468 3889 537 3934 esse
557 3871 735 3953 primordia
754 3892 882 3936 neeesse
905 3878 963 3936 est.
1006 3870 1075 3936 Hoe
1097 3878 1204 3935 autem
1227 3887 1324 3950 argu-

185 3979 329 4037 mentum
349 3989 378 4036 s.
400 3971 464 4036 528
487 3971 552 4055 (vel
565 3972 732 4037 Munnonis
754 3975 940 4038 eonieetms
960 3979 1095 4056 aeeepta
1109 3994 1137 4038 1.
1152 3970 1229 4055 531)
1251 3969 1323 4036 fini»

186 4079 257 4138 11111
279 4079 358 4138 est“
399 4072 514 4156 Itaque
536 4073 663 4138 etiamsi
683 4095 722 4139 ee
742 4096 825 4156 quae
845 4081 978 4158 propter
999 4075 1103 4141 medii
1125 4095 1194 4157 sqq.
1215 4093 1326 4139 neees-
1458 4063 1459 4084 ,

186 4175 273 4242 mm
300 4173 430 4240 videtur
458 4176 626 4254 sententia,
659 4197 727 4258 qua
752 4177 924 4244 Lueretius
951 4198 1160 4260 permagnum
1191 4195 1262 4242 asse
1292 4175 1326 4240 in
1458 4183 1459 4186 ’
