2966 4800
697 291 740 356 29

588 555 642 633 lv,
669 555 849 620 254—266.

232 692 385 758 Versibus
407 693 577 758 228-253
598 691 767 758 Lucretius
789 692 1008 756 demonstrare
1035 691 1146 757 studet
1172 693 1287 775 imagi·

144 815 202 859 nes
223 793 359 872 efficere,
392 796 531 877 primum
562 801 601 860 ut
632 795 759 860 omnino
791 814 844 859 res
877 813 1007 859 cernere
1036 794 1195 876 possimus
1225 795 1287 879 (vv.

144 896 339 981 218-236),
369 895 483 961 deinde
510 903 548 961 ut
581 916 645 980 quo
672 896 812 979 speciem
838 903 1000 962 vertamus
1027 916 1137 960 omnes
1164 895 1209 960 ibi
1236 916 1288 962 res

145 998 237 1062 nobis
259 1004 439 1080 appareant
461 999 523 1084 (vv.
543 998 739 1080 237-241),
768 997 906 1082 denique
926 1005 973 1078 ut,
998 1005 1156 1080 qnantum
1184 1019 1285 1081 qnae-

145 1121 208 1183 que
229 1121 281 1164 res
303 1099 397 1178 absit,
427 1099 604 1165 diiudicare
625 1101 786 1183 possimus
812 1101 874 1186 (vv.
899 1099 1093 1184 242-253).
1145 1097 1207 1164 Hic
1234 1120 1287 1165 re-

145 1223 216 1266 rum
248 1201 327 1266 ordo
358 1207 426 1266 tam
457 1201 592 1285 simplex
626 1209 660 1267 et
691 1208 760 1267 tam
781 1200 914 1266 idoneus
937 1207 995 1280 est,
1026 1208 1064 1265 nt
1087 1222 1143 1266 cur
1163 1199 1287 1266 Bocke·

145 1302 316 1368 mnellerus
338 1324 410 1368 sum
431 1304 613 1382 mutaverit,
635 1325 699 1369 non
713 1303 906 1385 intellegam,
928 1303 1025 1368 immo
1039 1309 1166 1368 tantum
1184 1303 1286 1383 abest,

144 1412 183 1469 nt
204 1405 322 1470 mutari
343 1406 454 1488 possit,
477 1411 523 1484 ut,
547 1406 575 1468 si
596 1405 738 1470 traditus
758 1425 821 1470 non
844 1412 937 1484 esset,
959 1406 1178 1470 restituendus
1193 1413 1286 1470 esset

144 1507 264 1585 Quodsi
285 1507 470 1574 Lucretium
491 1529 519 1572 v.
542 1507 605 1572 238
627 1527 727 1572 novae
748 1507 852 1590 partis
874 1506 1003 1572 initium
1029 1506 1143 1572 fecisse
1173 1509 1285 1572 verisi-

143 1609 218 1674 mile
237 1629 301 1672 non
323 1615 381 1687 est,
404 1628 467 1672 non
488 1608 528 1673 de
549 1609 786 1692 transponendo
808 1608 1015 1692 cogitandum
1051 1615 1109 1687 est,
1139 1609 1196 1673 sed
1227 1629 1286 1692 po·

143 1711 210 1776 tius
231 1716 306 1775 anta
329 1732 358 1775 v.
378 1711 443 1776 228
472 1732 571 1776 unum
601 1717 687 1775 certe
717 1717 941 1794 argumentum
962 1710 1119 1776 excidisse
1139 1710 1286 1776 iudican-

144 1812 220 1877 dum
243 1818 294 1876 est
314 1811 369 1896 (cf.
392 1811 558 1878 Susamihl
579 1811 662 1878 Phil.
685 1813 737 1892 29,
759 1833 834 1896 pag.
857 1813 945 1894 837).

228 1913 349 1978 Versus
369 1920 478 1980 autem
498 1914 669 1980 254-266
691 1914 773 1980 falso
794 1914 857 1981 loci
883 1914 982 1998 positi
1009 1920 1043 1978 et
1069 1919 1144 1996 post
1171 1935 1200 1976 v.
1222 1913 1287 1978 236

145 2015 325 2081 collocandi
348 2022 432 2081 sunt.
476 2014 559 2082 Nam
576 2023 750 2102 postquam
771 2015 941 2082 Lucretius
963 2015 1113 2099 exposuit
1134 2015 1287 2080 cernendi

145 2137 276 2182 oausam
295 2119 330 2181 in
352 2118 545 2200 imaginibus
566 2119 706 2202 positam
743 2137 822 2197 esse,
853 2118 971 2201 aliquis
999 2118 1029 2182 ei
1057 2115 1185 2182 obicere
1213 2124 1287 2200 pot·

143 2227 233 2285 erat:
265 2227 322 2303 „at
343 2219 501 2304 quomodo
522 2221 678 2303 imagines
699 2221 803 2286 visum
823 2220 950 2285 efficere
970 2224 1115 2303 possunt,
1142 2239 1214 2283 cum
1235 2219 1285 2302 ip-

144 2342 197 2388 sas
218 2323 373 2404 imagines
396 2341 525 2386 cernere
545 2323 785 2406 nequeamus?“
829 2321 944 2406 Itaque
973 2341 1083 2386 versus
1104 2319 1285 2398 254-266,

145 2423 263 2506 quibus
284 2423 327 2488 ad
347 2421 432 2488 hanc
461 2425 679 2505 quaestionem
704 2423 926 2507 respondetur,
956 2443 1081 2490 versum
1103 2422 1167 2488 236
1200 2423 1286 2488 exci-

145 2526 238 2609 piant
257 2546 386 2591 necesse
408 2532 466 2590 est.

587 2686 642 2767 IV,
663 2688 844 2754 ssa-612.

231 2822 409 2890 Susemihlo
438 2823 566 2909 (Philol.
589 2825 641 2903 32,
662 2825 728 2890 486
749 2826 862 2910 seqq.);
892 2825 949 2907 qui
974 2846 1023 2890 vv.
1046 2823 1215 2889 601-606
1236 2825 1286 2888 ni-

145 2925 193 2990 hil
213 2926 276 2990 nisi
297 2925 434 2991 alteram
454 2946 603 2992 versuum
630 2926 801 2992 sol-565
830 2927 1063 3005 recensionem,
1092 2945 1202 2991 versus
1224 2927 1286 2991 607

146 3028 251 3092 -609
280 3034 407 3110 partem
436 3028 569 3094 alterius
604 3048 754 3094 versuum
783 3029 954 3094 593-602
985 3028 1178 3094 recensionis
1207 3045 1287 3106 esse,

145 3152 193 3196 ιι.
215 3129 353 3213 denique
374 3130 543 3196 610-612
564 3151 628 3209 non
649 3131 754 3195 minus
775 3130 857 3195 bens
879 3150 1005 3195 versum
1027 3130 1090 3194 600
1105 3150 1202 3213 quam
1224 3129 1287 3195 609

146 3232 294 3314 excipere
314 3238 419 3314 putat,
441 3234 591 3298 assentiri
617 3252 681 3297 non
707 3252 846 3317 possum.
897 3230 981 3297 Nam
1001 3252 1150 3298 versuum
1182 3231 1287 3297 601-

146 3335 209 3399 609
231 3333 312 3398 haec
333 3335 494 3401 sententia
516 3355 586 3400 esse
606 3334 752 3400 videturz
784 3334 817 3400 Si
845 3353 1008 3400 versamus
1041 3335 1075 3397 in
1102 3333 1173 3398 loco
1194 3353 1287 3399 muro

145 3435 196 3500 uel
218 3455 314 3518 saepe
335 3435 450 3515 cincto,
472 3438 563 3502 ouius
585 3437 731 3520 superior
756 3457 833 3520 pars
864 3442 979 3520 aperta
1009 3441 1068 3514 est,
1097 3433 1160 3499 hoc
1191 3435 1287 3500 modo

146 3557 205 3602 nos
236 3537 350 3603 audire
381 3543 504 3621 potest:
538 3559 604 3604 una
633 3560 694 3604 vox
716 3537 850 3604 anobis
882 3538 998 3604 emissa
1029 3535 1080 3602 vel
1112 3537 1181 3602 eius
1209 3556 1287 3620 pars

147 3638 292 3706 ascendit
313 3661 412 3722 supra
433 3659 571 3723 saepem,
595 3639 697 3706 donec
720 3661 757 3706 eo
778 3639 931 3724 pervenit,
953 3638 1039 3704 unde
1060 3658 1081 3702 a
1101 3657 1197 3720 saepe
1223 3659 1287 3702 non

147 3740 285 3824 amplius
306 3741 462 3825 impedita
484 3741 526 3808 ad
548 3763 630 3821 eum,
653 3743 710 3826 qui
731 3742 809 3807 loris
831 3748 890 3820 est,
911 3741 1079 3823 pervenire
1100 3739 1219 3822 possit3
1240 3739 1287 3804 ibi

147 3843 307 3908 scinditur
328 3843 362 3906 in
383 3843 503 3908 multas
524 3851 643 3926 partes,
671 3852 705 3909 et
733 3843 850 3910 harum
870 3843 1014 3926 partium
1035 3863 1101 3907 una
1120 3839 1171 3905 vel
1192 3842 1287 3906 unius

147 3946 251 4028 partis
272 3965 349 4028 pars
370 3965 574 4028 nequaquam
594 3946 750 4029 impedita
771 3946 814 4012 ad
836 3966 909 4010 eum
929 3944 1084 4027 pervenit,
1115 3943 1172 4026 qui
1194 3948 1287 4008 extra

147 4065 275 4131 saepem
298 4054 355 4113 est.
398 4046 470 4112 Tali
489 4046 584 4112 modo
604 4047 676 4113 loca
696 4047 789 4112 nobis
809 4047 889 4130 ipsis
903 4045 1016 4112 abdita
1029 4044 1160 4111 vocibus
1181 4050 1286 4110 rotro

147 4148 301 4232 profectis
322 4148 531 4233 complentur.
563 4147 672 4232 Imago
695 4154 804 4214 autem
825 4169 846 4214 a
866 4147 959 4214 nobis
979 4147 1105 4226 omissa,
1126 4167 1211 4230 qnae
1232 4167 1287 4211 ea-

147 4251 221 4315 dem
241 4251 295 4318 via
315 4258 414 4336 atque
435 4252 541 4335 prima
563 4249 620 4316 illa
641 4271 702 4316 vox
716 4250 862 4334 profecta
877 4257 935 4332 est,
958 4270 1032 4317 oum
1045 4269 1145 4333 supra
1159 4268 1288 4332 saepem
