2966 4800
693 257 756 324 14·

140 439 258 522 quibus
271 441 410 508 certiora
423 440 502 508 mihi
512 441 622 508 videar
642 441 757 508 afferre
771 463 875 526 posse,
897 466 1008 514 versus
1022 446 1094 510 dico
1109 445 1181 524 518,
1205 445 1278 524 519,

139 541 212 619 531,
234 562 315 624 quos
330 541 587 626 Stuerenburgus
608 565 681 627 pag.
703 545 767 612 425
780 565 867 628 seqq.
890 546 931 612 ab
952 548 1181 632 interpolatore
1203 567 1278 630 pro-

139 641 240 709 fectos
263 665 337 710 esse.
354 644 573 710 demonstrare
594 646 729 712 studuit.

224 746 271 811 Ae
291 747 431 830 primum
452 748 582 830 quidem
604 748 644 812 de
665 769 759 814 15155
781 750 859 816 5311

265 849 307 914 11
343 851 449 933 quod
486 851 563 916 iam
597 870 728 932 supra
759 851 836 916 tibi
873 852 993 936 paulo
1030 852 1278 921 ostendimus

309 959 401 1018 ante
1114 1017 1116 1022 .

139 1052 264 1118 duabus
285 1054 441 1136 imprimis
463 1054 505 1118 de
527 1056 632 1120 causis
653 1057 864 1140 suspicionem
889 1065 1008 1124 movet:
1031 1057 1169 1140 primum
1191 1058 1278 1140 quod

138 1153 316 1234 Lueretius,
339 1156 366 1220 si
388 1175 440 1220 res
454 1155 519 1220 iam
540 1163 638 1225 antea
658 1157 894 1226 demonstratas
916 1161 1005 1238 citat,
1027 1179 1203 1241 numquam
1224 1182 1277 1225 ar·

137 1265 291 1340 gumenta
310 1259 383 1340 ipsa
403 1257 503 1328 addit.
547 1258 671 1324 Deinde
692 1261 816 1326 11111515
837 1263 962 1327 omnine
990 1268 1067 1328 ante
1088 1285 1115 1327 v.
1137 1263 1201 1328 520
1223 1284 1277 1328 ex-

138 1365 226 1427 stare
256 1359 363 1424 locum
393 1360 610 1440 demonstrat,
647 1363 704 1428 ubi
724 1363 900 1446 primordia
921 1371 1055 1447 propter
1082 1363 1277 1432 soliditatem

138 1468 269 1531 aeterna
289 1483 359 1554 esse
380 1462 625 1538 demonstretur.
680 1464 771 1542 Eum,
802 1467 858 1549 qui
887 1468 1053 1549 scripserit
1080 1489 1108 1532 1.
1130 1466 1202 1546 531,
1236 1466 1277 1531 15

136 1565 280 1630 uersibus
301 1564 511 1630 1511151518
536 1565 651 1630 51519
674 1567 816 1648 cogitare
837 1569 991 1650 potuisse,
1015 1569 1071 1652 qui
1095 1575 1128 1635 et
1149 1569 1212 1654 ipsi
1234 1568 1275 1634 ab

136 1666 368 1750 interpolatore
388 1665 525 1749 profecti
554 1668 620 1734 sint
653 1675 686 1732 et
714 1669 890 1751 primordia
916 1676 1050 1753 propter
1082 1669 1277 1736 soliditatem

135 1777 269 1836 aeterna
285 1789 360 1836 ,esse
382 1789 447 1835 non
468 1769 687 1836 demonstrent
708 1771 765 1835 551
780 1769 941 1838 affirment
954 1779 1089 1838 tantum.
1125 1772 1184 1837 1115
1200 1794 1276 1838 cau-

136 1872 180 1936 sis
203 1872 341 1954 denique
363 1870 530 1950 accedere,
554 1873 641 1954 quod
662 1873 832 1939 Lucretius
853 1873 1089 1958 1511551115515,
1113 1875 1170 1940 ubi
1190 1875 1277 1940 idem

136 1973 590 2052 55151511511515115111,
613 1976 780 2058 scripserit
801 1995 967 2060 supera,
997 1977 1059 2042 hoc
1085 1976 1154 2042 loco
1184 1977 1275 2042 codd.

136 2075 309 2142 exhibeant
330 2095 459 2158 supra

219 2178 346 2249 Priores
367 2177 452 2244 duae
475 2195 591 2244 causae
612 2184 700 2242 certe
721 2177 893 2244 admodum
915 2197 1028 2260 315155
1049 2186 1138 2258 sunt,
1170 2201 1275 2263 neque

135 2287 244 2346 155155
265 2287 398 2362 propter
420 2299 475 2346 eas
495 2280 674 2344 necessario
696 2302 724 2344 1.
746 2280 807 2346 531
830 2280 1054 2363 interpolatori
1082 2282 1274 2348 tribuendus

136 2387 202 2458 est;
224 2381 281 2446 551
302 2401 375 2446 cum
396 2379 565 2463 permultis
585 2380 664 2446 locis
687 2403 734 2448 11.
757 2382 943 2465 Lucretiani
972 2381 1052 2447 falso
1080 2382 1150 2449 loco
1176 2385 1273 2466 positi

135 2483 207 2560 sint,
231 2483 366 2564 cogitari
388 2484 485 2548 etiam
506 2489 614 2565 potest
634 2505 682 2548 11.
704 2485 872 2550 532-539
894 2507 934 2550 ex
956 2485 1019 2550 alio
1041 2485 1272 2572 (51151520)

133 2583 204 2651 1555
218 2585 272 2650 1115
286 2585 464 2667 irrepsisse,
485 2591 518 2650 et
539 2584 625 2650 hunc
643 2586 749 2668 ipsum
770 2585 876 2652 locum
897 2607 966 2655 esse
988 2607 1070 2664 enm,
1092 2607 1188 2669 quem
1207 2587 1272 2651 Lu-

135 2687 448 2753 5151155153115
476 2685 606 2757 lectoris
637 2688 779 2752 animum
807 2708 957 2754 revocare
986 2687 1130 2754 15115111.
1179 2688 1271 2766 Eum,

134 2787 190 2852 nbi
211 2810 258 2853 11.
280 2789 448 2856 532-539
471 2788 703 2868 desiderentur,
725 2789 832 2855 locum
853 2798 929 2873 post
949 2813 977 2855 1.
992 2790 1055 2855 519
1078 2810 1146 2854 esse
1161 2791 1272 2856 statim

133 2889 311 2974 apparebit

217 2991 549 3077 Transeamnsigitur
570 2992 613 3060 ad
634 3013 681 3058 11.
703 2991 766 3072 518
790 2999 823 3057 51
844 2993 925 3060 5191

261 3096 456 3161 materies
477 3095 604 3178 igitur
633 3093 760 3160 solido
790 3116 888 3178 quae
917 3115 1083 3180 corpore
1112 3099 1271 3160 constat

262 3216 349 3262 esse
372 3203 541 3264 aeterna
554 3204 701 3280 potest,
725 3219 810 3264 oum
826 3205 962 3264 cetera
976 3194 1270 3272 dissoluantur,

133 3317 214 3378 quos
236 3297 494 3382 Stnerenbnrgus
514 3298 566 3366 his
588 3299 629 3365 de
651 3300 756 3365 causis
775 3301 902 3383 spurios
916 3319 985 3364 esse
999 3305 1111 3382 putat:
1132 3299 1271 3381 primum

132 3398 247 3466 falsam
270 3419 338 3466 esse
359 3398 474 3466 horum
494 3423 542 3467 11.
557 3401 807 3478 5555155155515;
828 3422 903 3466 nam
918 3423 957 3466 ex
971 3401 1164 3486 praemissis,
1186 3419 1271 3481 qnae

133 3503 357 3568 contineantur
386 3524 434 3566 11.
456 3502 626 3569 513-515
656 3511 689 3570 51
716 3504 780 3569 516
809 3503 940 3583 51517,
968 3502 1049 3568 nihil
1075 3501 1164 3568 aliud
1194 3520 1269 3566 oon-

132 3604 219 3668 cludi
240 3624 333 3688 posse
354 3625 469 3686 quam:
490 3605 667 3688 primordia
688 3605 791 3672 solida
812 3625 852 3672 ae
873 3606 941 3670 sine
961 3605 1050 3670 inani
1073 3623 1158 3681 esse;
1184 3601 1269 3668 hane

133 3713 241 3771 autem
273 3705 506 3771 conclusionem
534 3713 608 3790 post
635 3730 663 3772 1.
685 3709 746 3776 517
777 3708 887 3774 deesse
918 3727 1026 3790 posse,
1065 3727 1137 3772 eum
1173 3712 1269 3790 poeta

131 3829 178 3873 11.
193 3808 255 3873 511
279 3808 388 3874 51512
410 3808 506 3876 huius
527 3811 708 3892 argumenti
728 3829 884 3876 summam
904 3810 968 3876 iam
983 3808 1117 3874 dederit.
1145 3807 1269 3874 Deinde

131 3909 316 3976 Lucretium
331 3909 548 3978 scriberenon
562 3913 718 3994 potuisse:
741 3919 914 3978 aeterna
935 3931 1018 3976 esse
1041 3918 1185 3996 potest,
1208 3909 1266 3976 551

131 4011 335 4078 scribendum
355 4011 452 4078 fuisse
474 4021 511 4078 ut
531 4036 559 4077 1.
581 4014 661 4080 5391
692 4015 746 4078 511
766 4021 928 4080 aeterna
948 4018 1160 4078 necessest.
1203 4011 1268 4076 De·

130 4115 228 4198 nique
248 4113 417 4181 materiam
438 4116 580 4182 ceteris
601 4115 734 4195 15515,
757 4135 839 4199 quae
862 4137 879 4180 e
900 4116 1033 4182 materie
1048 4113 1267 4193 concilientur,

131 4218 249 4300 opponi
270 4235 334 4282 non
355 4235 457 4298 posse.
488 4254 490 4259 ,
