2966 4800
703 273 745 338 33

152 442 262 523 possit,
285 441 470 507 Lucretium
490 441 541 506 his
563 463 610 506 vu.
633 441 675 506 de
696 443 857 507 sententia
880 463 1115 526 commagene,
1143 444 1200 526 qui
1230 463 1295 510 non

152 543 326 625 sicutipse
348 551 452 610 totum
474 543 627 610 mundum
653 545 688 608 in
719 551 873 626 quattuor
899 544 957 612 illa
982 546 1122 614 maxima
1148 546 1295 614 membra

152 644 209 708 sed
230 645 263 710 in
285 645 367 714 duas
387 653 515 712 tantum
542 653 652 728 partes
681 645 822 712 dividere
849 647 957 714 velint
1008 646 1071 714 Sed
1101 648 1129 712 si
1153 668 1226 714 cum
1246 668 1294 714 vv.

151 747 321 814 sss—280
342 746 402 814 hos
423 768 533 814 versus
555 763 785 831 comparamus,
810 769 863 816 eos
889 750 971 816 nihil
1000 751 1163 816 continere
1192 769 1294 833 appe·

47 911 52 918 .
152 855 203 912 ret
225 870 321 930 quam
343 850 479 918 alteram
499 850 627 916 illorum
647 850 872 920 recensionem.
915 852 998 921 Nam
1020 851 1174 935 quodibi
1196 871 1293 934 expo-

152 951 250 1028 nitur,
274 951 496 1035 quodcumque
518 952 559 1016 de
580 951 676 1017 rebus
697 951 788 1031 fluat,
810 953 845 1016 id
865 956 899 1020 in
920 956 1004 1022 airis
1032 973 1184 1035 magnum
1204 971 1293 1020 more

152 1050 230 1116 ferri
252 1059 285 1116 et
306 1057 382 1118 aira
403 1075 514 1119 rursus
537 1073 672 1136 corpora
692 1053 789 1120 rebus
804 1057 992 1134 retribuere,
1014 1059 1092 1126 aere
1105 1055 1205 1137 igitur
1220 1076 1294 1138 per-

152 1161 249 1236 petuo
271 1156 360 1237 gigni
382 1157 539 1226 derebus
561 1163 594 1220 et
614 1157 648 1220 in
670 1176 722 1221 res
749 1156 906 1236 recidere,
936 1156 1032 1230 idem,
1051 1157 1113 1224 hoc
1138 1157 1207 1228 looo
1239 1178 1287 1221 ex·

152 1257 303 1338 primitur
325 1259 446 1324 verbisr
475 1261 510 1324 si
538 1268 734 1342 procreat
764 1282 810 1324 ex
839 1281 879 1326 se
907 1261 1037 1327 omnis
1066 1261 1296 1343 recipitque

152 1369 364 1448 perempta
409 1361 510 1430 Omne
532 1362 620 1444 quod
641 1364 727 1428 inter
748 1362 819 1430 illos
841 1369 874 1428 et
894 1362 955 1430 hos
975 1381 1085 1432 versus
1100 1368 1206 1430 exstet
1228 1361 1294 1426 dis-

153 1465 282 1545 crimen,
304 1466 380 1530 inde
408 1471 536 1530 tantum
561 1471 668 1531 ortum
691 1471 750 1542 est,
772 1463 859 1547 quod
887 1464 1057 1533 Lucretius
1077 1466 1111 1528 in
1132 1464 1197 1530 illis
1219 1483 1295 1532 oon·

152 1567 329 1634 scribendis
351 1587 408 1633 sno
431 1567 534 1648 magis
554 1566 682 1648 ingenio
705 1572 738 1630 et
760 1585 819 1632 sua
846 1572 916 1633 erte
939 1585 1016 1633 usus
1046 1573 1111 1644 ssim
1136 1588 1209 1636 oum
1235 1567 1295 1636 hos

152 1668 299 1749 scripsit,
330 1669 372 1732 ad
401 1667 532 1736 Pacuvii
555 1669 666 1742 ⁴verbis
695 1667 801 1750 quod
831 1668 989 1751 quidam
1012 1677 1228 1760 memorant
1249 1670 1294 1738 oi-

67 1832 69 1836 .
153 1769 216 1836 tuti
237 1769 335 1834 verba
357 1771 540 1836 accuratius
561 1790 597 1836 se
617 1769 800 1853 applicavit

238 1863 346 1938 Nunc
361 1872 390 1936 si
420 1872 621 1953 quaerimus,
652 1891 810 1954 quaenam
842 1871 985 1939 recensio
1016 1873 1105 1954 prior
1136 1893 1295 1955 quaecum

154 1973 316 2055 posterior
337 1974 397 2040 sit:
419 1973 512 2040 valde
533 1973 703 2044 verisimile
725 1979 775 2038 est
796 1992 850 2038 eos
872 1995 935 2051 vn,
962 1973 1139 2056 inquibus
1166 1995 1296 2059 compo·

153 2074 267 2140 nendis
288 2075 458 2144 Lucretius
479 2077 546 2142 suis
566 2075 688 2144 viribus
710 2075 845 2153 steterit,
867 2076 1055 2144 recentioris
1076 2078 1195 2144 aetatis
1217 2097 1296 2146 esse.

151 2176 267 2258 Itaque
294 2177 480 2246 Lucretium
505 2179 540 2242 in
569 2178 684 2246 ultima
721 2178 870 2248 carminis
898 2179 1080 2247 recensione
1101 2171 1211 2250 versus
1232 2179 1295 2248 318

152 2279 260 2344 -323
279 2278 461 2348 deleturum
482 2279 580 2348 fuisse
601 2279 810 2352 instandum
830 2286 888 2347 est.

121 2389 123 2394 ’
237 2379 356 2448 Utrum
376 2382 411 2446 in
431 2381 565 2463 reliquis
586 2403 715 2464 quoque
735 2381 831 2448 huius
846 2383 1132 2464 argumentationis
1145 2384 1294 2466 partibus

152 2481 347 2564 (sol-soe,
369 2483 549 2562 rso-271,
572 2485 755 2568 282-305)
778 2485 931 2552 nonnulla
953 2485 1086 2554 alterius
1099 2486 1294 2554 recensionis

152 2584 218 2648 sint
241 2585 328 2648 etin
350 2584 495 2664 aliorum
522 2607 607 2668 quae
633 2587 727 2653 nobis
757 2595 885 2656 servata
906 2607 970 2654 non
992 2587 1066 2666 sint,
1088 2585 1194 2653 locum
1215 2585 1292 2653 sub-

153 2687 280 2764 stituta,
304 2686 482 2752 diiudicare
503 2707 567 2752 non
588 2707 775 2770 possumus;
805 2687 862 2754 sed
882 2687 1019 2756 fortasse
1045 2685 1138 2756 nobis
1166 2688 1292 2756 contin·-

152 2795 217 2870 get,
238 2794 406 2854 utrorum
428 2789 543 2856 harum
565 2791 705 2873 portium
728 2790 871 2858 ordinem
891 2791 1097 2858 inveniemus.

236 2890 421 2958 Lucretium
441 2893 475 2956 in
496 2893 604 2975 priore
624 2893 809 2960 recensione
830 2911 911 2971 sam,
941 2912 1026 2974 qnae
1047 2893 1088 2957 de
1109 2895 1184 2958 adro
1213 2893 1290 2974 agit,

150 3000 277 3076 partem
307 2993 420 3058 ultimo
452 2993 522 3060 loco
544 3013 663 3076 ponere
683 2995 837 3074 uoluisse,
874 3015 913 3061 ex
939 2992 1101 3078 partionis
1122 2993 1291 3076 denique

152 3095 194 3178 (r.
209 3096 286 3178 318)
309 3096 412 3162 conici
431 3095 525 3171 lioet;
547 3095 605 3164 sed
626 3117 699 3162 cum
721 3119 748 3162 v.
763 3098 803 3164 27
806 3098 826 3162 3
840 3095 904 3164 clio
920 3094 1012 3160 modo
1034 3096 1207 3162 transitum
1228 3096 1291 3166 sibi

149 3199 322 3279 paraverit,
343 3219 416 3264 enm
436 3199 472 3262 in
492 3198 595 3264 altera
608 3199 785 3264 recensioni
807 3199 847 3278 ei,
870 3219 953 3282 quae
975 3198 1016 3266 de
1034 3200 1109 3264 aere
1124 3205 1181 3275 est,
1204 3200 1292 3281 parti

150 3299 248 3365 edum
267 3301 374 3366 locum
396 3300 539 3367 tribuere
560 3299 696 3368 voluisse
716 3301 924 3367 indicendum
946 3307 1004 3366 est.
1034 3298 1092 3366 Vr.
1113 3299 1214 3381 igitur
1227 3301 1291 3365 ‘273

148 3403 255 3468 „280
276 3401 413 3467 antnbi
433 3424 519 3468 nunc
539 3401 690 3485 leguntur
712 3411 769 3468 aut
797 3409 873 3486 post
893 3425 920 3468 v.
949 3402 1013 3468 260
1040 3401 1179 3483 ponendi
1205 3409 1289 3468 sunt.

149 3503 234 3568 Illud
254 3511 427 3587 propterea
448 3505 553 3570 minus
575 3502 657 3570 bene
678 3503 725 3583 fit,
748 3504 836 3588 quod
856 3525 905 3582 ea,
935 3523 1018 3587 quae
1040 3501 1080 3569 de
1102 3522 1227 3581 umore,
1256 3510 1291 3570 et

149 3625 197 3682 ee,
221 3625 303 3686 qnae
317 3605 357 3670 de
371 3607 439 3690 igni
454 3613 512 3685 est,
527 3627 605 3690 pars
619 3607 852 3689 quodammodo
866 3605 929 3672 sibi
943 3603 1155 3687 respondent3
1177 3625 1288 3687 quem

148 3706 322 3772 admodum
350 3709 434 3772 enim
470 3707 536 3773 illic
573 3729 669 3773 novo
698 3729 850 3791 semper
875 3726 986 3772 umore
1009 3705 1126 3783 fontes,
1156 3704 1290 3772 flumina

148 3809 328 3886 abundare,
357 3811 470 3875 codem
496 3809 591 3874 modo
617 3809 672 3876 hic
700 3811 830 3876 luminis
856 3808 977 3874 fontem
1005 3827 1104 3872 novo
1133 3827 1288 3890 semper

142 3911 287 3976 candore
311 3911 433 3976 caelum
454 3913 562 3994 rigere
583 3913 772 3994 exponitur3
801 3910 917 3976 deinde
944 3917 1082 3992 utroque
1107 3908 1177 3976 loco
1199 3911 1287 3992 pari-

147 4017 198 4076 ter
219 4014 376 4096 pergitur,
398 4036 427 4078 v.
448 4015 526 4078 264:

230 4115 299 4180 sed
320 4116 489 4199 primum
510 4114 708 4198 quicquid
729 4115 848 4198 aquai

145 4215 312 4282 tollitur
