2966 4800
756 273 799 342 28

207 457 264 536 vit,
287 455 418 522 verbum
440 459 665 539 substituatur,
688 460 775 556 quod
795 461 1114 544 perpetuitatem
1142 461 1193 526 vel
1215 461 1347 526 eonti-

209 561 406 625 nuitatem
428 561 594 644 significet
640 561 785 645 Cogitavi
808 561 945 629 fortusse
967 561 1170 628 scribendum
1192 583 1262 628 esse
1283 582 1347 628 se·

207 661 316 738 duls3
338 662 394 727 sed
415 663 531 744 neseio,
553 685 630 729 num
650 684 782 748 prorsus
804 666 833 730 ei
854 686 936 749 quoe
964 665 1141 749 requiritur
1169 663 1348 730 sententiae

206 763 395 831 sefisfmiet.

699 990 753 1068 IV,
774 991 847 1058 239.

290 1153 455 1234 Quomodo
476 1175 504 1218 v.
525 1154 588 1218 239
624 1174 697 1218 eum
723 1174 770 1217 vv.
792 1153 857 1218 240
891 1161 925 1220 et
956 1155 1016 1220 241
1053 1157 1202 1240 coniungi
1233 1159 1344 1241 possit,
1465 1107 1466 1158 7

206 1277 280 1323 oum
299 1277 391 1322 nemo
413 1255 520 1322 adhue
541 1256 576 1320 in
603 1275 640 1320 eo
668 1253 827 1334 haeserit,
857 1255 914 1321 diu
943 1278 1068 1322 meeum
1096 1260 1258 1344 reputavi,
1288 1260 1345 1325 sed
1465 1269 1466 1332 i

206 1358 334 1423 frustrs
367 1356 480 1441 Neque
502 1357 586 1422 enim
606 1355 766 1440 intellego,
790 1357 948 1444 quomodo
963 1359 1027 1424 diei
1049 1360 1152 1444 possit
1166 1382 1273 1427 omnes
1294 1383 1346 1428 res
1465 1367 1466 1444 i

203 1460 260 1539 ibi,
283 1481 346 1543 quo
361 1459 469 1525 oeulos
485 1465 714 1538 convertamus,
737 1458 829 1524 nobis
845 1480 1002 1543 apparere
1015 1468 1188 1544 propterea
1202 1464 1280 1546 quis
1293 1484 1345 1528 so-

204 1562 244 1627 lis
267 1561 367 1628 oeulis
388 1582 518 1628 eernere
545 1561 713 1644 possimus.
768 1559 881 1626 Nonne
913 1563 1021 1646 potius
1053 1563 1224 1630 dicendum
1257 1573 1344 1632 eret:

205 1663 272 1744 „ibi
293 1670 440 1729 tentum‘
463 1663 513 1728 vel
535 1684 596 1741 „ex
618 1683 657 1727 ea
677 1669 772 1745 purte
793 1663 870 1742 solo,
897 1663 931 1728 in
952 1685 1050 1745 quom
1081 1667 1220 1750 speeiem
1247 1669 1345 1733 verti-

204 1786 284 1846 mus,
308 1764 401 1831 nobis
422 1785 474 1830 res
495 1765 694 1847 apperent?“
715 1785 819 1846 neque
841 1765 1012 1830 dicendum
1027 1773 1099 1832 erat
1120 1790 1248 1848 „omnes
1272 1776 1344 1836 res“

205 1867 263 1932 sed
284 1867 473 1952 simpliciter
496 1874 598 1947 „res.“
635 1866 664 1932 A
685 1886 780 1930 vorsu
801 1867 864 1932 238
886 1868 996 1934 stetim
1020 1868 1062 1934 sd
1084 1891 1111 1934 v.
1126 1871 1191 1936 240
1212 1892 1344 1954 progre-

203 1969 357 2038 diendum
378 1976 446 2035 est:
468 1969 620 2054 quoniam
641 1966 813 2034 simulacro
832 1969 974 2052 undique
997 1979 1031 2036 et
1050 1972 1084 2036 in
1105 1991 1214 2038 omnes
1234 1980 1345 2056 partes

202 2071 373 2150 iaciuntur,
396 2077 577 2155 propterea,
599 2070 634 2132 in
656 2089 753 2151 quem
767 2077 894 2153 pentem
909 2071 1017 2137 oeulos
1032 2074 1253 2152 convertimus,
1276 2095 1345 2139 om·

203 2193 260 2238 nes
282 2194 365 2255 quae
386 2172 432 2238 ibi
454 2177 530 2236 sunt
550 2190 602 2236 res
622 2168 715 2235 nobis
737 2178 912 2255 apperent3
940 2174 968 2238 si
995 2194 1058 2239 non
1087 2174 1230 2257 undique
1257 2175 1343 2242 isoe-

201 2281 313 2341 rentur
344 2274 510 2357 imagines,
542 2270 613 2336 fieri
643 2278 762 2354 posset,
793 2280 830 2339 ut
863 2295 902 2338 ex
924 2280 1019 2358 parte
1040 2273 1159 2359 aliqua,
1190 2277 1225 2340 in
1246 2299 1343 2361 quom

202 2377 340 2460 speeiem
362 2377 524 2454 vertimus,
547 2373 655 2440 nullae
677 2376 802 2439 omnino
823 2396 875 2441 res
902 2375 994 2442 nobis
1023 2387 1233 2461 apparerent3
1260 2386 1294 2446 et
1315 2382 1342 2446 si

201 2499 265 2543 non
286 2480 320 2542 in
341 2499 450 2544 omnes
471 2484 581 2562 portes
602 2475 775 2542 simulacre
804 2478 1025 2557 mitterentur,
1056 2479 1126 2546 fieri
1153 2488 1275 2564 posset,
1304 2488 1342 2545 ut

201 2571 253 2645 res
281 2581 316 2644 in
346 2586 456 2663 portes
486 2585 613 2645 tentum
645 2600 666 2645 o
695 2578 787 2645 nobis
820 2600 949 2645 aversas
979 2580 1150 2646 simulacre
1177 2584 1342 2648 mitterent

200 2681 337 2765 ideoque
365 2702 386 2749 u
411 2679 502 2746 nobis
532 2681 657 2766 percipi
684 2702 748 2746 non
773 2688 914 2764 possent
957 2681 994 2746 V.
1016 2683 1080 2748 239
1102 2690 1215 2767 posteo
1234 2704 1256 2748 s
1276 2684 1340 2748 Lu·

202 2784 301 2848 cretio
323 2783 454 2850 additus
475 2803 544 2850 esse
565 2782 701 2860 videtur,
723 2789 757 2848 et
776 2783 858 2848 haec
884 2785 1045 2850 sententia
1070 2784 1250 2869 supplendo
1277 2792 1340 2850 est:

201 2905 284 2964 „uno
307 2885 481 2969 eodemque
503 2891 647 2967 tempore
667 2884 762 2949 unius
783 2891 910 2949 tentum
931 2886 1035 2969 partis
1055 2907 1107 2962 res
1127 2887 1253 2953 anobis
1266 2909 1340 2971 per·
1464 2931 1465 2942 ι

201 2988 265 3071 sipi
286 2993 457 3072 possunt;“
477 2986 615 3052 fortasse
636 2993 711 3070 post
730 3009 759 3050 v.
779 2987 842 3052 241
865 2985 971 3052 loeum
991 2986 1126 3054 habeat:

283 3145 345 3210 237
378 3143 489 3210 Nune
525 3164 569 3209 ee
604 3165 707 3227 quae
744 3143 832 3208 dieo
868 3164 1000 3210 rerum
1036 3143 1246 3210 simulacra
1280 3145 1340 3211 fe·
1464 3149 1465 3172 ¹

456 3253 597 3312 runtur

381 3349 554 3432 undique
598 3355 638 3414 et
679 3349 716 3412 in
767 3353 931 3413 cunetas
966 3347 1173 3413 iaciuntur
1212 3348 1340 3414 didita

454 3451 606 3534 partis:

283 3576 346 3642 240
379 3583 600 3661 propterea
630 3577 700 3657 fit,
735 3578 813 3655 uti,
836 3577 1008 3662 speeiem
1030 3597 1105 3660 quo
1130 3579 1337 3656 vertimus,

455 3700 584 3746 omnes

379 3802 443 3846 res
477 3780 536 3846 ibi
574 3802 655 3846 eam
692 3788 836 3870 eontra
871 3780 1024 3846 feriant
1054 3778 1181 3849 forms
1216 3789 1337 3866 atque

455 3881 600 3960 eolore;

284 4020 348 4084 239
380 4019 522 4100 [verum
551 4036 621 4081 nos
653 4016 787 4083 oeulis
816 4018 913 4100 quie
943 4017 1040 4084 solis
1062 4039 1223 4084 eernere
1244 4019 1337 4104 qui-
