2966 4800
722 281 784 386 Ῑέ)ι

214 503 238 522 1·
260 469 324 536 Suo
338 470 408 533 iure
423 466 680 550 Stuerenburgus
694 468 729 532 in
748 467 854 532 verbis
877 474 1011 532 cetere
1032 466 1310 534 dissoluantur
1426 467 1447 490 ²

171 573 313 639 offendit.
361 570 484 636 Eodem
504 569 602 635 rerba
623 568 881 634 Bookemueliero
904 589 1031 652 quoque
1053 567 1219 634 offensioni
1241 569 1310 635 fue-

170 683 263 752 nmt3
286 674 344 738 sed
366 672 452 756 quod
474 672 756 738 scribitrcetero
778 670 1034 749 dissoluatur,
1057 672 1170 737 vitium
1192 679 1307 752 mutet,

171 797 234 842 non
255 775 350 841 tollit.
394 775 503 841 Omnis
524 775 609 839 enim
630 776 780 839 materies
802 793 842 838 ex
862 772 1004 838 Lucretii
1025 775 1186 839 sententio
1207 775 1311 842 solide

172 886 231 958 est,
254 880 352 944 etiem
374 898 412 943 ea
436 898 520 960 quae
542 874 710 943 concilium
723 875 813 952 iniit;
836 895 971 958 corporo
985 881 1121 956 tuntum,
1144 898 1228 961 quoe
1241 899 1311 946 me·

170 982 272 1046 teriee
295 980 429 1046 concilio
450 987 524 1046 orte
544 985 628 1058 sumt,
651 978 702 1045 vel
723 979 878 1044 materias
900 978 1070 1045 concilium
1090 979 1186 1045 inune
1214 981 1248 1044 in
1277 1001 1312 1046 se

172 1083 308 1148 cohibet.
350 1081 601 1148 Bockemuelleri
633 1082 733 1164 igitur
756 1081 941 1147 coniectura
961 1081 1124 1146 reicienda
1152 1079 1210 1147 ilie
1238 1083 1311 1166 qui·

173 1185 246 1251 dem
268 1192 326 1263 est,
349 1185 407 1250 sed
428 1185 493 1250 elin
509 1205 573 1250 non
588 1183 761 1250 admodum
775 1181 899 1248 difficili
913 1185 1091 1248 mutatione
1105 1183 1181 1248 huic
1196 1184 1312 1250 mendo

171 1287 293 1352 mederi
315 1307 484 1370 possumus
506 1294 643 1353 coetus
673 1306 733 1369 pro
763 1291 899 1351 cetera
922 1285 1139 1363 srib'entes3
1170 1294 1309 1366 costus

173 1389 258 1452 enim
278 1389 467 1456 vocabulum
488 1388 576 1471 apud
599 1389 783 1454 Lucretium
804 1407 1013 1472 synonymum
1040 1395 1090 1453 est
1109 1388 1198 1455 verbi
1220 1409 1311 1455 cou-

175 1489 322 1568 cilium3
345 1512 385 1556 ex
406 1490 525 1568 multis,
549 1490 666 1574 quibus
686 1491 722 1555 id
753 1489 920 1573 probetur,
951 1490 1031 1557 locis
1063 1510 1183 1575 peuces
1213 1490 1311 1557 effere

173 1592 252 1656 sctis
275 1593 350 1657 erit:

271 1692 296 1772 Ι,
334 1694 411 1762 775;
432 1695 470 1760 in
493 1702 607 1762 coetu
631 1729 666 1754 =
691 1697 729 1766 in
751 1694 916 1762 coneilio
940 1715 967 1759 v.
991 1695 1063 1768 772.

258 1793 298 1874 Π,
334 1797 411 1862 92οι
433 1803 544 1863 coeto
567 1796 822 1880 concilioque.
1057 1872 1060 1880 ¹
1111 1878 1112 1887 ἵ

272 1897 410 1978 1‚1017:
432 1919 517 1964 nem
538 1898 725 1982 dispulsa,
740 1919 806 1964 suo
835 1899 881 1963 de
903 1905 1017 1986 coetu
1038 1901 1205 1964 materni

429 2001 540 2086 copie
561 2000 733 2069 ferretur
754 2021 927 2082 magnum
948 2021 1018 2086 per
1041 2001 1158 2088 inune
1172 2001 1309 2068 solute

270 2098 294 2180 I,
314 2101 417 2190 1047:
431 2103 1310 2194 principiisrerumskpstiumtempusquefugei

429 2203 560 2287 legiri,
581 2211 624 2270 ut
644 2205 796 2287 possint
814 2224 838 2296 ‘e
859 2211 972 2273 coetu
992 2203 1119 2270 libere
1139 2205 1246 2272 ferri.

167 2301 259 2390 inter
294 2306 461 2370 materiem
487 2307 592 2392 ipsam
621 2312 655 2372 et
691 2313 817 2372 coetum
848 2307 996 2396 materiai
1031 2307 1240 2390 distinguitur
1269 2307 1309 2388 Π,

174 2404 255 2491 11002
277 2425 358 2488 seq.:

255 2527 327 2572 nec
348 2508 381 2572 si
402 2508 594 2575 interimit
615 2529 714 2600 mors
734 2530 814 2590 res,
832 2517 880 2575 ut
901 2511 1081 2576 materiei

256 2628 422 2692 corpora
444 2611 646 2692 conficiet,
670 2612 736 2676 sed
765 2618 918 2690 coetum
940 2611 1120 2695 dissupat
1145 2612 1245 2680 ollis.

254 2712 378 2778 Deinde
401 2712 488 2794 quod
502 2712 672 2780 Lucretius
693 2714 786 2780 dioitz
809 2714 981 2794 „materies
1004 2733 1072 2778 esse
1087 2720 1219 2781 aeterno
1241 2735 1310 2798 po·

170 2819 279 2892 tost‘,
297 2814 336 2902 in
356 2813 408 2880 his
429 2813 536 2880 verbis
558 2836 631 2881 eum
652 2815 737 2882 hene
759 2816 864 2882 inesse
880 2816 1076 2882 sententiam
1089 2816 1226 2882 voluisse
1247 2839 1308 2900 pu-

170 2915 318 2980 taverim:
344 2917 523 2982 sententiae
544 2938 645 2997 mese,
675 2938 741 3002 qun
761 2917 928 2984 materiem
950 2924 1114 2983 aeternnm
1137 2938 1205 2984 esse
1227 2919 1309 3000 dico,

170 3015 236 3092 iem
255 3015 496 3084 nihilosecus

254 3119 426 3186 Dissolutis
447 3119 555 3201 igitur,
590 3141 674 3212 quoe
696 3121 731 3186 in
752 3119 885 3203 singulis
913 3120 1019 3187 verbis
1045 3119 1210 3186 offensioni
1239 3141 1309 3188 esse

170 3221 303 3302 possint,
327 3221 369 3286 ad
389 3242 507 3286 nexum
528 3222 760 3288 sententiarum
788 3222 987 3291 accedemus.
1036 3223 1087 3288 Ad
1117 3244 1196 3302 eam,
1225 3245 1309 3309 quae

170 3343 217 3386 rv.
239 3322 302 3388 518
325 3329 359 3388 et
379 3324 442 3388 519
463 3325 663 3408 proponitur,
697 3325 931 3390 conclusionem
953 3323 1154 3391 efficiendam
1174 3325 1238 3392 duo
1259 3325 1310 3392 vel

169 3425 277 3506 potins
299 3425 365 3490 tria
385 3427 563 3510 praemisse
583 3427 783 3493 neccessario
804 3433 896 3492 suut:
931 3427 989 3509 lo)
1012 3429 1201 3493 materies
1223 3429 1309 3511 ipsa

170 3526 252 3590 sine
274 3527 381 3592 inani
408 3535 478 3606 est,
518 3528 578 3614 lb)
600 3529 787 3594 materiae
817 3529 1025 3594 concilium
1053 3529 1166 3595 inane
1197 3528 1308 3596 cohi-

169 3628 250 3706 bet,
273 3629 308 3713 2)
330 3630 431 3711 quod
451 3631 533 3694 sino
555 3631 661 3697 inani
683 3638 760 3710 est,
780 3630 994 3700 delerinon
1009 3638 1149 3714 potest
1185 3631 1308 3697 Horum

169 3733 417 3813 praemissorum
441 3733 552 3814 priora
576 3735 637 3818 (le
658 3740 691 3798 et
716 3733 773 3817 lb)
794 3734 860 3798 iem
880 3733 913 3795 in
934 3755 981 3797 vv.
996 3733 1163 3800 511-517
1187 3734 1306 3812 insunt,

170 3833 285 3915 quibus
306 3833 482 3917 primordia
502 3834 607 3900 solida
628 3855 697 3900 esse
718 3835 932 3900 demonstrari
947 3834 1205 3919 Stnerenburgus
1219 3843 1308 3902 recte

171 3937 326 4018 exposuit.
361 3935 514 4001 ,renium
536 3937 748 4020 praemissum
770 3937 836 4022 (2),
859 3938 887 4002 si
909 3945 1007 4002 anteo
1034 3939 1100 4002 ism
1123 3939 1308 4021 expositum

169 4044 262 4116 esset,
284 4038 371 4120 'quod
392 4039 461 4102 sine
482 4039 572 4104 inani
601 4046 651 4104 est
678 4039 779 4103 deleri
806 4056 870 4103 non
899 4058 1009 4123 posse,
1037 4059 1169 4123 prorsus
1197 4039 1307 4104 deesse

168 4146 291 4220 posset;
325 4139 412 4224 quod
442 4159 515 4205 oum
536 4139 658 4207 fectum
679 4140 816 4220 nonsit
852 4161 889 4207 eo
920 4143 973 4207 vix
994 4161 1104 4206 cerere
1129 4159 1306 4225 possumus.

168 4237 261 4306 Unde
282 4260 356 4305 vero
378 4241 605 4308 arcessendum
625 4243 678 4321 sit,
699 4244 765 4308 iem
785 4243 918 4321 scimus3
946 4265 996 4308 rr.
1018 4241 1103 4308 enim
1124 4241 1305 4321 532437,
