2966 4800
714 278 757 342 23

248 461 311 527 803
331 462 510 528 iunctum
540 460 580 526 in
618 463 796 530 oonoilio
833 485 969 531 saevas
1005 465 1183 532 tolerare
1213 487 1303 551 pro-

391 562 528 642 eellas,
1142 557 1144 562 ¹

247 665 491 731 7911111111
521 666 562 730 in
594 665 733 730 eodem
764 663 921 734 homine
955 673 1073 751 atque
1104 669 1143 734 in
1174 669 1303 736 eodem

389 787 657 832 1111111011

246 869 309 933 800
330 868 561 952 desiperest

160 969 263 1048 Quam
284 972 568 1054 transpositionem
586 970 709 1037 Pollius
729 967 810 1035 Phil
831 969 886 1047 26,
908 970 973 1036 334
994 970 1209 1038 firmissimam
1233 993 1302 1040 esse

158 1077 262 1155 putat.

244 1172 315 1252 Sed,
339 1174 366 1237 si
387 1175 467 1256 quid
487 1174 589 1253 11110,
611 1174 694 1240 haee
714 1174 761 1239 sio
795 1176 1008 1241 0111111111
1038 1185 1159 1242 essunt:
1188 1180 1302 1258 „Desi-

158 1282 268 1360 perest
297 1275 432 1340 mortale
464 1297 538 1342 oum
564 1283 695 1340 aeterno
720 1277 856 1358 jungere
886 1281 919 1340 at
944 1283 1061 1360 putare
1081 1280 1217 1345 mortale
1237 1303 1303 1348 una

159 1399 232 1443 eum
260 1384 391 1442 aeterno
419 1378 599 1442 consentire
628 1384 662 1443 et
689 1377 779 1460 fungi
808 1383 921 1443 mutua
942 1399 1046 1462 posse,
1068 1381 1206 1447 mortale
1228 1404 1302 1449 oum
1389 1408 1391 1410 ·

157 1487 289 1546 aeterno
309 1481 455 1545 iunctum
475 1501 587 1545 saevas
608 1480 748 1545 tolerare
768 1479 926 1561 porcellos
948 1487 1028 1546 eto.“
1071 1482 1186 1566 ltaque
1208 1485 1301 1550 Oini-

157 1583 248 1660 stius,
270 1583 327 1665 qui
347 1582 382 1646 in
404 1583 526 1647 tradito
547 1581 659 1647 ordine
674 1587 847 1664 propterea
861 1579 1004 1661 offendit,
1028 1586 1114 1666 quod
1128 1588 1301 1654 mortale

159 1703 243 1748 oum
270 1685 490 1750 immortali
513 1685 749 1766 oxonjuntum
776 1701 917 1748 saevas
946 1686 1156 1767 poroellas
1178 1692 1300 1756 susti·

157 1807 250 1850 nere
272 1787 399 1866 dieitur,
420 1787 455 1851 in
476 1786 563 1850 idom
584 1786 706 1862 vitium,
730 1783 817 1865 quod
846 1784 966 1849 evitare
988 1787 1098 1868 voluit,
1128 1791 1198 1874 ipse
1217 1793 1300 1857 reoi-

157 1887 215 1952 1111
258 1889 349 1952 Ferri
369 1887 605 1972 quodammodo
635 1886 746 1969 possit,
772 1891 811 1950 11
842 1885 885 1950 ad
913 1888 1012 1954 rerba
1041 1897 1079 1954 et
1104 1913 1182 1957 una
1210 1915 1300 1958 oon-

157 1991 309 2056 sentire
340 1997 483 2074 putare
514 1996 575 2054 eto.
604 1987 793 2071 suppleatur
826 1989 992 2054 mortale
1020 1998 1059 2055 ot
1086 2001 1299 2062 aeternum.

157 2091 220 2158 Sed
240 2099 310 2156 tum
331 2112 441 2158 versus
463 2093 524 2156 791
547 2090 708 2156 sententia
729 2107 793 2153 non
814 2090 919 2155 minus
940 2113 1092 2177 perversa
1112 2102 1171 2160 est.
1214 2096 1300 2174 Quo-

155 2194 249 2258 modo
278 2201 387 2259 autem
417 2215 456 2258 ex
476 2193 610 2258 11798
640 2199 675 2256 11
701 2193 763 2256 799
794 2191 1058 2260 11111031
1085 2198 1146 2262 791
1168 2199 1300 2264 verbum

154 2301 363 2376 „aeternum“
386 2294 530 2378 suppleri
550 2295 662 2377 possit,
686 2293 834 2376 equidem
849 2315 913 2358 101
929 2296 1038 2373 videm
1061 2305 1159 2381 atquo
1175 2301 1300 2368 etiamsi

153 2403 271 2482 posset,
295 2402 404 2461 tamen
424 2417 476 2461 res
497 2396 580 2461 male
604 2395 801 2480 procederet.
851 2394 934 2460 Nam
955 2420 1004 2463 vv.
1026 2400 1088 2464 798
1118 2402 1235 2467 01799
1258 2403 1299 2468 de

153 2498 286 2566 mortali
308 2505 340 2562 et
361 2497 534 2563 immortali
555 2498 589 2563 11
611 2497 795 2562 universum
824 2497 941 2578 agitur,
972 2521 1000 2562 v.
1030 2507 1139 2576 autam
1169 2505 1229 2569 791
1258 2506 1299 2570 de

153 2599 328 2665 immortali
348 2600 464 2678 111110,
487 2601 543 2684 qui
565 2602 599 2664 in
613 2597 743 2663 mortali
766 2617 899 2681 corpore
922 2599 974 2663 sit.
1012 2601 1128 2684 ltaque
1149 2605 1299 2673 adhunc

153 2725 182 2766 r.
203 2703 334 2766 notione
355 2703 481 2766 animi
510 2703 615 2768 careri
635 2720 698 2766 101
719 2706 842 2784 potest3
872 2721 977 2783 nequo
1006 2703 1092 2768 enim
1120 2708 1296 2788 quaeritur,

153 2825 230 2868 num
251 2804 386 2887 quodvis
407 2803 643 2868 immortalem
664 2801 794 2866 mortali
810 2822 942 2885 corporo
963 2805 1066 2888 possit
1079 2827 1217 2888 manere,
1239 2811 1297 2876 sed

153 2927 230 2971 num
250 2906 440 2970 immortalia
461 2907 595 2970 animus.

237 3009 329 3088 Quod
351 3007 394 3073 ad
414 3030 442 3072 v.
465 3007 529 3072 803
556 3009 682 3088 attinet,
716 3009 868 3090 Briegero
896 3006 992 3093 (Phil.
1015 3011 1055 3074 at
1066 3058 1075 3087 ,
1105 3009 1161 3094 54)
1187 3031 1295 3076 assen-

153 3112 297 3176 tiendum
319 3112 390 3188 orit
413 3109 470 3192 qui
491 3115 664 3175 antaeum
688 3109 841 3174 nonnulla
862 3109 1020 3174 excidisse
1040 3110 1171 3176 iudicat.
1215 3111 1295 3179 Ver-

152 3233 224 3278 sum
245 3213 436 3277 1111111791
460 3210 579 3289 11000,
611 3232 674 3294 quo
704 3213 845 3277 traditus
871 3218 929 3290 est,
959 3211 1187 3279 alienissimum
1215 3237 1293 3296 esse,

154 3314 293 3380 Christio
314 3333 445 3397 prorsus
467 3314 640 3390 assentiom
662 3335 737 3378 nam
768 3314 855 3397 quod
882 3312 1161 3380 Boekemuellerus
1188 3319 1294 3382 conie-

153 3417 207 3494 eit
231 3422 410 3480 maneret
431 3436 490 3499 pro
511 3436 687 3492 manera,
717 3435 758 3478 ne
780 3414 815 3478 id
836 3415 966 3497 quidem
994 3418 1186 3482 sententiam
1215 3421 1294 3485 satis

152 3517 269 3582 bonam
298 3516 433 3581 reddere
465 3518 600 3582 ridetur.
654 3515 768 3599 Itaque
801 3516 903 3582 donee
932 3516 1048 3600 aliquis
1077 3519 1294 3585 coniecturam

151 3619 254 3700 magis
268 3617 467 3701 probabilem
481 3620 694 3702 proposuerit,
717 3618 867 3701 equidem
881 3639 1007 3684 vorsum
1020 3619 1113 3684 urreis
1127 3621 1292 3688 includen-

151 3720 228 3785 dam
250 3739 319 3785 esse
337 3719 469 3804 putabo.
769 3727 770 3732 ’
1206 3722 1210 3730 ’

589 3880 645 3960 Ill,
670 3882 848 3950 860-867.

236 4018 515 4084 Boekamuellerus
536 4025 625 4083 recte
646 4017 727 4082 vidit
740 4016 799 4082 hos
820 4041 867 4082 vu
884 4039 957 4084 eum
972 4018 1028 4095 eis,
1049 4039 1132 4100 quae
1147 4020 1290 4102 proxime

152 4120 365 4205 praesederat,
397 4121 546 4204 coniungi
576 4141 639 4184 non
668 4141 762 4203 posse
791 4127 824 4186 et
854 4126 929 4202 post
955 4143 983 4184 v.
1006 4120 1069 4184 844
1098 4141 1151 4185 101
1173 4123 1290 4205 posuit.

153 4223 250 4289 Cuius
278 4222 539 4305 transpositionis
570 4222 726 4288 rationem
754 4222 925 4306 Briegerus
948 4222 1109 4307 (Bursian.
1135 4223 1226 4301 1876,
1249 4224 1289 4302 11,
