2966 4800
763 278 805 342 40
932 285 938 302 .

215 463 439 540 Quaerendum
460 471 569 529 autem
591 469 650 543 est,
671 483 830 547 quaenam
850 463 908 528 illa
928 463 972 528 sit
997 484 1105 528 rerum
1133 465 1242 543 series,
1272 487 1354 547 qua·

214 585 286 629 rum
307 565 445 649 primam
466 587 484 630 e
506 566 650 631 versibus
673 565 841 630 toa-638
857 572 1004 630 constare
1018 564 1203 630 Lueretium
1217 569 1354 634 voluisse

213 665 422 732 iudicandum
444 669 495 733 sit.
538 668 708 750 Briegerus
737 667 843 752 (Burs
875 667 965 745 1876,
992 666 1032 745 11,
1064 667 1139 753 169)
1169 677 1257 734 reete
1284 691 1353 736 mo-

213 769 284 832 nuit
304 755 512 852 partitionem
533 791 641 835 rerum
654 769 730 834 libri
744 768 797 833 VI.
815 770 849 832 in
872 769 1070 848 ‚,terribilia“
1087 777 1120 834 et
1142 771 1352 850 „mirabilia“‚
1463 757 1464 774 ¹

213 891 279 956 qua
299 871 578 937 Boekemuellerus
599 893 676 938 usus
698 879 756 948 est
779 870 867 937 nullo
888 871 1030 937 Lucretii
1050 870 1122 936 loeo
1152 873 1353 955 comprobari

213 991 307 1056 posse
328 975 497 1056 omniaque
519 994 602 1057 quae
626 995 665 1038 ex
693 993 732 1038 ea
758 972 932 1056 adportes
961 973 1156 1039 ordinandas
1182 975 1353 1040 oonolude-

212 1081 326 1140 rentur
347 1075 430 1140 falsa
458 1095 535 1140 esse.
583 1074 656 1140 Alia
683 1082 791 1142 autem
816 1095 923 1139 rerum
950 1074 1033 1140 libro
1056 1075 1108 1140 Vl.
1138 1083 1352 1142 tractatarum

212 1177 346 1259 partitio
377 1184 493 1255 exstat,
528 1196 594 1259 qua
622 1177 806 1242 Lucretium
833 1198 929 1242 usum
957 1197 1026 1242 esse
1049 1185 1177 1244 constat
1198 1185 1231 1243 et
1253 1201 1351 1263 quam

212 1279 337 1361 ipsein
358 1280 512 1362 prooemii
540 1298 634 1344 versu
659 1279 701 1343 50
728 1287 963 1357 commemorat
993 1280 1202 1362 partitionem
1223 1283 1295 1346 dieo
1317 1283 1352 1346 in

211 1379 357 1463 μετέωρα
379 1388 412 1445 et
434 1401 517 1462 quae
539 1381 573 1444 in
594 1382 691 1445 terris
711 1380 792 1446 fiant
817 1381 987 1446 mirabilia.
1037 1380 1150 1463 Neque
1174 1385 1352 1467 quidquam

211 1481 291 1546 mihi
317 1481 447 1547 obstare
480 1482 620 1559 videtur,
652 1485 824 1565 quominus
849 1483 1035 1549 Lucretium
1061 1485 1095 1549 id
1122 1483 1225 1552 altera
1249 1486 1351 1550 totius

211 1575 287 1649 libri
315 1583 368 1649 VI.
390 1591 484 1667 parte
509 1586 612 1668 primo
638 1585 708 1650 loeo
733 1607 802 1650 rem
824 1586 967 1651 versibus
988 1586 1156 1652 608-638
1177 1594 1353 1654 tractatam

212 1705 331 1770 ponere
351 1687 386 1749 in
407 1687 513 1752 animo
535 1686 686 1752 habuisse
707 1695 865 1771 putemus.
917 1688 1005 1752 Pono
1026 1689 1126 1770 igitur
1151 1709 1205 1754 eos
1227 1698 1303 1755 ante
1323 1713 1352 1754 ι.

211 1787 283 1853 535.
339 1788 431 1865 Quod
455 1790 482 1854 si
502 1798 591 1854 reete
612 1790 727 1868 ieoero,
749 1791 831 1856 haee
851 1791 928 1869 fere,
962 1811 1046 1873 quae
1077 1790 1119 1854 ad
1151 1793 1251 1857 totius
1276 1792 1351 1858 libri

212 1891 431 1956 condicionem
453 1898 610 1974 spectant,
634 1891 771 1958 dicenda
793 1900 899 1958 erunt:
921 1893 1091 1958 Lueretius
1111 1893 1187 1958 olim
1203 1915 1241 1959 ea
1255 1915 1352 1976 quam

211 1993 351 2058 diximus
373 1994 548 2076 partitione
576 1993 610 2058 in
636 1995 712 2059 libri
737 1994 789 2059 VI.
816 2016 923 2060 rerum
955 1995 1164 2078 dispositione
1193 2016 1272 2061 usus
1297 1995 1352 2060 ille

211 2095 343 2180 quidem
364 2102 444 2173 erat,
467 2094 525 2159 sed
547 2097 705 2178 expressis
726 2097 832 2162 verbis
855 2116 926 2161 eam
947 2097 1082 2161 indicari
1105 2116 1185 2180 opus
1205 2117 1269 2161 non
1283 2118 1353 2163 esse

212 2197 306 2262 duxit
327 2204 361 2262 et
382 2196 486 2261 verbis
507 2193 616 2261 Nune
639 2217 707 2279 age
728 2198 771 2263 ad
794 2198 930 2263 alteram
951 2204 1078 2281 partem
1103 2199 1241 2264 transiit
1289 2199 1351 2264 Po-

211 2305 282 2364 stea
303 2320 378 2364 vero
400 2319 473 2364 oum
495 2299 625 2380 scripsit
646 2320 758 2364 uersus
778 2301 957 2379 toa-638,
979 2300 1168 2383 priusquam
1189 2301 1233 2365 ad
1246 2307 1352 2366 terrae

210 2422 262 2467 res
284 2400 472 2466 tractandas
494 2401 657 2479 transiret,
680 2423 786 2485 pauca
807 2403 923 2486 prioris
949 2403 1053 2486 partis
1074 2401 1243 2480 finiendae,
1271 2401 1352 2467 alte-

210 2505 279 2568 rius
301 2502 544 2589 praeparandae
567 2523 665 2568 eausa
686 2506 902 2586 praemittere
921 2504 1102 2580 eonstituit;
1131 2503 1213 2570 haee
1244 2512 1352 2569 autem

211 2606 429 2690 componenda
450 2607 483 2670 in
504 2605 593 2670 aliud
613 2604 664 2670 vel
689 2606 722 2668 in
747 2604 782 2669 id
807 2612 936 2689 tempus
958 2604 1092 2685 distulit
1121 2627 1185 2688 quo
1204 2606 1351 2673 ultimam

211 2709 253 2774 ad
274 2716 378 2774 totum
399 2727 528 2773 carmen
549 2707 659 2772 limam
680 2708 884 2773 adhibiturus
908 2714 987 2774 erat.

649 2937 701 3020 VI,
726 2939 903 3006 777-780.

295 3104 366 3169 Hoc
386 3124 497 3170 versus
518 3105 553 3168 in
575 3104 666 3170 codd
687 3103 768 3170 falso
789 3104 860 3170 loco
883 3105 1006 3188 positos
1027 3124 1097 3170 esse
1110 3104 1350 3172 Bookemuelle-

204 3227 266 3270 ·rus
287 3213 376 3270 reete
396 3207 487 3285 vidit,
509 3206 566 3270 sed
588 3207 658 3289 ipse
678 3226 806 3288 quoqne
828 3206 909 3272 falso
934 3206 1005 3272 loeo
1031 3206 1157 3271 videtur
1178 3208 1350 3274 oollooasse

210 3309 300 3393 (post
319 3329 348 3372 ι.
364 3310 450 3390 772).
493 3307 662 3374 Lueretius
675 3310 994 3391 argumentationem,
1017 3328 1084 3390 qua
1097 3309 1245 3392 explieat,
1268 3331 1350 3392 qno·

209 3411 304 3475 modo
325 3409 396 3474 fieri
418 3411 528 3495 possit
551 3419 682 3476 uteres
704 3393 801 3496 super
821 3412 948 3476 Averna
968 3410 1041 3476 looa
1063 3410 1206 3476 volantes
1227 3413 1261 3474 in
1281 3418 1349 3477 ter·

210 3531 280 3578 ram
302 3509 451 3576 decidant
474 3519 507 3576 et
527 3511 772 3592 interficiantur,
794 3513 856 3578 hoo
877 3513 971 3578 modo
985 3513 1136 3590 instituit,
1157 3518 1196 3577 ut
1210 3514 1349 3595 primum

209 3616 244 3678 in
265 3619 356 3679 terra
375 3615 552 3696 primordia
573 3615 802 3692 diversissima,
829 3616 949 3698 partim
977 3614 1089 3680 vitalia
1116 3615 1236 3700 partim
1262 3617 1348 3680 insa·
1454 3674 1456 3689 ,

209 3716 318 3781 lubrie
342 3716 392 3780 vel
418 3717 517 3780 etiam
545 3717 711 3782 mortifera
742 3737 825 3794 esse,
855 3717 971 3781 deiude
996 3716 1132 3782 diversis
1157 3715 1348 3782 animalibus

209 3817 352 3898 singulas
372 3837 424 3882 res
445 3817 579 3882 dirersis
599 3818 703 3882 modis
724 3824 819 3901 eptas
840 3839 909 3883 esse
930 3818 1027 3896 dieat,
1050 3825 1120 3883 tum
1133 3818 1254 3884 homini
1275 3837 1349 3882 oum
1418 3883 1422 3894 ,

210 3917 328 3984 multas
350 3919 430 3985 alias
451 3939 504 3984 res
525 3926 596 3984 tum
615 3918 795 3998 normuliss,
823 3940 904 4001 quas
929 3927 1020 3986 terra
1048 3920 1186 3998 exhalet,
1215 3917 1348 3984 infestes

210 4039 279 4086 esse
301 4021 424 4086 doceat.
467 4021 516 4085 Ex
537 4020 589 4085 his
609 4023 793 4104 praemissis
815 4043 950 4103 quorum
965 4023 1105 4104 primum
1125 4021 1270 4088 versibus
1286 4023 1347 4087 769

210 4123 325 4200 -772,
348 4121 485 4187 alterum
506 4143 553 4188 vu.
577 4123 755 4202 773-776,
778 4124 910 4190 tertium
937 4145 984 4187 ιι.
1013 4123 1179 4188 781κὸ17
1203 4125 1347 4190 mutine-

209 4230 278 4301 tur,
309 4223 474 4290 ooneludit
502 4225 564 4310 (ιι.
591 4225 654 4290 818
679 4226 783 4311 seqq.)
810 4233 940 4291 eterra
967 4245 1019 4289 res
1039 4244 1168 4310 quoque
1193 4225 1347 4302 exhalari,
