2966 4800
134 518 225 580 quae,
248 516 445 578 quamquam
465 493 647 560 bominibus
669 514 732 558 non
754 502 899 573 noceant,
922 502 1030 560 tamen
1057 496 1170 563 avibus
1191 521 1277 564 mor·

134 599 248 664 tiferno
271 599 345 664 sint.
1147 649 1153 654 .

213 700 331 783 ltaque
362 719 435 765 cum
455 700 490 764 in
511 699 614 781 primo
643 705 676 762 et
699 698 841 762 secundo
867 701 1043 781 praemisso
1070 703 1133 766 vis·
1147 711 1276 769 senten-

133 805 198 868 tiae
225 804 333 886 posita
360 803 405 867 sit
438 802 473 866 in
495 801 728 878 diversitas,
757 822 805 864 11.
828 802 999 866 ‘tlt-rao
1027 821 1130 886 neque
1153 811 1228 888 post
1248 829 1276 870 1.

135 907 195 970 776
224 926 328 989 neque
354 909 430 988 pont
455 925 484 968 1.
511 904 574 967 772
600 901 707 967 lecum
730 901 862 968 habent
920 903 1143 987 Coniungeudi
1167 909 1276 990 potius

132 1014 208 1072 sunt
233 1029 306 1072 eum
331 1007 429 1071 tertio
456 1005 632 1088 praemisso
667 1009 701 1068 et
734 1011 808 1086 post
837 1027 864 1068 1.
893 1006 954 1070 789
982 1005 1174 1085 collocandi;
1212 1031 1275 1092 quo

133 1130 226 1174 uersu
248 1131 321 1174 cum
342 1109 383 1172 de
405 1128 501 1172 sensu
523 1106 661 1170 hominis
683 1106 717 1168 in
743 1107 926 1172 universum
955 1109 1078 1174 dictum
1103 1111 1159 1188 sit,
1189 1133 1275 1177 nunc

132 1211 258 1294 singula
279 1230 390 1276 sensus
413 1215 647 1286 enumerantur,
671 1208 788 1290 quibus
809 1230 862 1272 res
876 1211 1024 1274 inimicae
1038 1212 1274 1295 percipiantur3

133 1321 202 1379 tum
227 1337 257 1378 1.
282 1313 344 1378 783
365 1311 534 1377 Lucretius
555 1312 598 1376 ad
619 1312 708 1395 ipsas
729 1333 813 1395 quae
834 1310 955 1376 homini
981 1311 1117 1377 infestae
1136 1314 1204 1379 siut
1225 1335 1277 1380 res

131 1414 319 1481 tractandas
339 1414 587 1496 transgreditur.

574 1577 627 1655 VI,
651 1578 828 1643 948-958.

215 1715 464 1780 vesle-950
483 1712 528 1779 ab
548 1713 780 1796 interpolatore
802 1713 963 1796 profectos
984 1735 1056 1780 esse
1068 1715 1275 1782 Neumannus

132 1819 167 1904 (l.
190 1839 216 1883 c.
237 1838 311 1902 pag.
333 1817 389 1901 48)
411 1817 465 1880 vix
487 1817 638 1898 cuiquam
658 1813 875 1898 persuadebit.
919 1815 1044 1882 11111111
1063 1818 1274 1901 interpolator

132 1919 278 2002 exempla
297 1919 493 1984 Lucretiana
514 1937 632 1999 augere
653 1917 815 1995 voluisset,
844 1939 883 1982 11
915 1925 1002 1983 certe
1024 1939 1064 1983 ex
1089 1943 1136 1984 11.
1164 1919 1188 1998 l,
1212 1921 1274 1985 489

131 2023 194 2086 496
215 2020 480 2102 transcripsisset,
505 2038 569 2082 non
594 2019 664 2101 ipse
694 2020 932 2102 composuisset.
981 2019 1044 2085 Sed
1070 2029 1159 2086 recte
1186 2021 1273 2087 Neu-

131 2144 265 2188 mannus
285 2123 320 2186 in
339 2142 378 2186 eo
401 2120 544 2198 offendit,
566 2121 662 2204 quod,
686 2141 760 2185 cum
780 2143 827 2184 11.
850 2123 1020 2188 elamabo
1040 2122 1143 2205 frigus
1165 2131 1198 2187 et
1220 2144 1274 2188 ca-

130 2225 232 2289 lidum
252 2245 403 2306 uaporem
423 2245 482 2307 per
504 2245 569 2302 aes,
591 2244 714 2301 numum,
737 2230 962 2304 argumentum
987 2225 1125 2290 transire
1148 2227 1273 2308 exposi-

130 2334 200 2391 tum
221 2329 273 2406 sit,
295 2349 343 2392 11.
364 2326 428 2391 952
449 2327 568 2390 11953
591 2325 695 2389 denuo
714 2325 758 2388 de
778 2323 898 2406 frigore
919 2333 953 2388 et
965 2345 1085 2408 vapore
1100 2347 1202 2391 sermo
1225 2334 1274 2392 est

131 2436 164 2493 et
184 2449 277 2506 nunc,
300 2427 388 2511 quod
409 2433 587 2510 penetrent,
610 2425 732 2491 ferrum
755 2434 1033 2503 commemoratur,
1066 2449 1129 2509 quo
1158 2449 1213 2493 aes
1241 2436 1273 2493 et

130 2550 246 2594 aurum
268 2529 411 2594 Lucretii
434 2530 596 2594 sententia
616 2528 774 2592 validiora
795 2534 879 2592 sunt.
921 2527 992 2593 Hoc
1013 2530 1126 2593 vitium
1148 2531 1274 2595 tollitur

128 2631 273 2696 versibus
295 2631 465 2696 948-950
488 2637 562 2714 post
583 2651 610 2694 1.
634 2631 697 2695 953
720 2629 885 2694 collocatis
908 2667 948 2677 —
970 2652 998 2694 1.
1014 2632 1099 2694 enim
1121 2633 1272 2696 95411111

130 2735 176 2798 eis
198 2753 282 2816 quae
305 2740 484 2815 sequuntur
506 2731 746 2814 coniungendus
772 2738 830 2806 ost,
863 2730 902 2795 cf.
925 2731 1063 2796 Pollium
1083 2732 1197 2798 Philol.
1219 2735 1270 2811 26,

128 2835 191 2900 538
213 2873 263 2898 -.
307 2835 460 2900 Versibus
481 2836 516 2897 in
537 2833 624 2898 hunc
654 2833 799 2898 ordinem
826 2833 970 2898 redactis
992 2835 1091 2899 etiam
1111 2835 1273 2918 particula

128 2937 229 3001 item
249 2957 307 3003 suo
329 2938 399 3001 iure
420 2937 528 3019 posita
548 2942 607 3000 est.
650 2934 735 2999 Huic
755 2937 999 3019 transpositioni
1021 2938 1184 3019 particula
1206 2939 1271 3003 de-

126 3039 250 3121 nique
272 3061 300 3103 1.
322 3039 383 3104 951
407 3057 471 3102 non
493 3035 602 3102 obstat
609 3062 618 3113 ;
641 3057 716 3100 nam
739 3057 811 3110 cum
825 3058 881 3102 11.
901 3039 1070 3104 948-950
1093 3041 1271 3105 arctissime

128 3159 201 3204 oum
222 3162 269 3205 11.
292 3141 462 3205 951-959
490 3138 694 3217 cohaereant,
723 3160 873 3204 versuum
902 3140 1071 3206 942—953
1100 3161 1271 3224 argumen-

127 3248 197 3306 tum
218 3241 300 3306 bene
321 3243 355 3305 in
376 3250 443 3306 tres
463 3241 524 3305 1111
545 3247 656 3323 partes
677 3241 778 3305 dividi
804 3246 930 3322 potest:
963 3242 996 3326 1)
1020 3244 1206 3319 942-9433
1235 3243 1270 3327 2)

128 3342 314 3419 944-9473
338 3344 372 3428 3)
395 3344 574 3421 951-953,
597 3343 776 3407 948-959,
820 3341 883 3407 Sed
906 3364 979 3408 cum
999 3345 1034 3408 in
1056 3364 1270 3431 111111111-

127 3443 239 3528 quitur
260 3464 336 3526 pars
358 3448 420 3530 (11.
442 3444 626 3528 954-958)
649 3445 747 3508 etiam
776 3444 938 3527 particula
967 3445 1143 3528 denique
1171 3446 1270 3511 duca-

126 3553 190 3624 tur,
214 3545 350 3626 fortasse
371 3566 435 3611 non
457 3546 637 3623 erraverim,
669 3547 783 3610 sinon
813 3545 916 3610 solum
944 3570 991 3612 11.
1014 3549 1183 3613 948-959
1212 3549 1270 3614 sed

126 3649 226 3712 etiarn
247 3669 295 3712 11.
317 3648 487 3714 954-958
515 3646 566 3711 111
593 3646 762 3711 954-957
792 3655 906 3729 postea
936 3650 1065 3714 additos
1096 3658 1129 3714 et
1150 3649 1269 3714 Luere-

125 3749 209 3813 tium
229 3749 423 3832 particulam
444 3749 621 3831 denique
642 3769 671 3812 1.
686 3747 746 3812 951
771 3755 897 3814 mutare
913 3751 1048 3816 oblitum
1064 3772 1132 3816 esse
1155 3751 1268 3816 dicam.

549 3911 603 3990 VI,
629 3911 848 3977 1149-1155.

210 4049 247 4114 V.
271 4051 368 4114 1151:

254 4152 387 4242 omnia
408 4158 490 4215 tum
512 4170 604 4215 vero
625 4151 735 4215 vitai
758 4149 945 4214 claustra
965 4151 1164 4218 lababant

119 4253 156 4316 in
183 4252 326 4336 apodosi,
348 4253 389 4346 in¹
404 4273 469 4335 qua
491 4273 576 4316 nuno
599 4259 657 4330 est,
678 4252 785 4316 locum
813 4271 876 4316 non
898 4251 1018 4316 habere
1039 4254 1182 4330 videtur3
1211 4276 1266 4319 1ο-

1021 4376 1039 4425 4
