2966 4800
717 190 759 256 36

168 378 285 454 voluit;
318 387 424 460 neque
456 397 530 442 vero
565 378 634 444 eius
664 377 1047 467 coniecturabenigni
1074 397 1133 460 pro
1163 378 1308 460 et-igni

167 481 298 565 probari
319 487 435 563 potest
485 479 522 544 In
553 479 688 546 urbibus
720 470 811 546 enim
834 479 1009 546 condendis
1038 478 1230 562 arcibusque
1259 479 1307 545 lo·

169 582 280 648 caudis
301 581 574 664 benignitatis
595 601 708 664 regum
729 580 821 663 signa
843 581 983 663 conspici
1002 600 1067 644 non
1095 601 1188 664 posse
1219 588 1308 648 recte

167 683 446 750 Boclremuellerus
469 683 620 760 adnotat3
650 691 684 748 et
714 683 794 748 satis
816 682 956 748 dilucide
978 682 1147 748 Lucretius
1175 705 1203 747 r.
1227 684 1306 748 1101

168 787 297 852 addidit
318 787 569 869 praesidium
589 786 673 869 ipsi
706 786 781 851 sibi
810 784 1128 868 perfugiumque.
1169 785 1307 850 Persua-

168 911 239 954 sum
259 888 339 954 mihi
362 895 411 956 est
431 889 617 954 Lucretium
639 910 666 953 r.
691 887 775 952 1104
796 887 981 970 scripsisse:

253 997 493 1057 commutare
514 991 627 1056 novis
647 989 935 1056 monstrabant
955 989 1062 1054 robu'
1083 989 1265 1072 repertis

168 1098 202 1156 ot
223 1092 322 1158 verba
343 1098 383 1157 et
403 1093 487 1174 igni
510 1090 550 1156 ab
572 1091 804 1175 interpolatore
825 1092 934 1174 aliquo
964 1089 1111 1175 profecta
1138 1109 1222 1169 esse,
1252 1092 1308 1174 qui

169 1196 253 1259 inter
274 1215 372 1260 novas
393 1194 453 1260 has
473 1214 526 1260 ros
547 1195 678 1276 ignem
701 1213 828 1276 quoque
849 1193 947 1259 tuisse
973 1193 1129 1259 adnotare
1148 1193 1252 1260 vellet.

595 1443 662 1526 VI,
702 1444 879 1510 ror-115.

252 1602 309 1667 Vr.
334 1602 510 1678 102-107,
543 1599 661 1683 quibus
693 1599 734 1664 de
763 1606 882 1666 natira
907 1598 1041 1665 nubium
1069 1602 1193 1684 agitur,
1221 1601 1308 1668 utillo

168 1703 261 1769 modo
284 1723 358 1768 cum
383 1702 428 1770 eis
459 1703 516 1785 qui
538 1702 732 1770 antecedunt
760 1701 913 1780 versibus,
947 1704 1104 1781 96-101,
1128 1703 1309 1770 cohaerent

167 1807 226 1872 His
247 1805 332 1870 enlm
353 1804 533 1886 explicatur
553 1803 713 1888 quomodo
734 1805 879 1870 tonitrua
899 1803 996 1881 fiant3
1019 1811 1060 1872 et,
1073 1805 1205 1872 additur
1224 1807 1308 1872 toni-

167 1915 243 1973 trua
263 1907 333 1972 fieri
355 1906 481 1970 omnino
503 1925 567 1970 non
589 1926 692 1989 posse,
715 1906 743 1970 si
765 1905 889 1972 coelum
903 1926 1050 1972 serenum
1064 1908 1115 1985 sit,
1140 1908 1199 1972 sed
1211 1909 1308 1972 denso

168 2017 296 2074 tanturn
325 2006 459 2072 nubium
488 2007 622 2088 agmine.
672 2005 825 2072 Versibus
855 2016 964 2073 autem
987 2010 1152 2074 lon—107
1175 2010 1216 2073 de
1240 2031 1309 2074 cor-

167 2132 266 2195 porea
287 2117 405 2174 natura
426 2106 529 2185 nubis,
560 2107 600 2171 de
629 2109 696 2172 eius
722 2110 857 2174 materie
887 2117 920 2175 et
948 2117 1101 2176 contextu
1122 2111 1308 2188 disseritur3

168 2221 204 2279 st
224 2212 326 2277 nubes
348 2229 420 2276 curn
442 2209 632 2274 firmissimis
656 2216 689 2275 et
710 2211 907 2276 tenuissimis
930 2213 1118 2296 corporibus
1141 2212 1308 2280 confenrn-

168 2317 231 2381 tur.
281 2313 396 2394 Itaque
424 2331 498 2379 curn
524 2332 570 2376 vv.
599 2311 745 2378 96-101
779 2319 812 2378 et
836 2335 884 2378 11.
916 2316 1081 2380 loa—107
1112 2315 1154 2380 de
1175 2315 1309 2380 diversis

168 2417 265 2483 rebus
287 2421 413 2497 agatur,
437 2433 491 2478 eos
510 2412 672 2496 particula
692 2420 913 2496 praeterea
943 2417 1093 2499 coniungi
1119 2437 1183 2482 non
1215 2437 1309 2499 posse

169 2523 315 2602 apparet
358 2515 427 2580 Hoc
448 2513 640 2580 vocabulum
662 2535 701 2579 ex
722 2515 786 2581 alio
808 2516 904 2582 verbo
925 2524 1113 2601 corruptum
1135 2540 1204 2586 esse
1225 2519 1309 2584 veri·

169 2619 272 2685 simile
293 2617 328 2682 id
348 2617 478 2699 quidem
499 2637 562 2680 non
581 2623 643 2692 ost3
665 2617 724 2682 sed
747 2618 873 2682 etiarnsi
888 2619 1072 2685 coniectura
1087 2620 1309 2705 (Bockemuel-

168 2722 256 2786 lenus
277 2718 391 2784 scribit
412 2718 720 2804 perterebrans)
749 2719 785 2784 id
806 2720 975 2786 admovere
995 2720 1107 2788 Hecate
1135 2741 1187 2786 res
1208 2721 1310 2788 nihilo

169 2822 283 2888 melius
310 2819 466 2904 procedit.
509 2819 592 2886 Nam
621 2821 747 2886 etiamsi
773 2842 837 2886 non
857 2824 1039 2904 negaverim
1059 2824 1245 2890 Lucretium
1266 2824 1309 2890 ad

169 2924 293 2990 tonitru
324 2921 549 3006 explicandum
581 2921 652 2988 aliis
683 2923 847 2988 nonnullis
875 2925 1019 2990 versibus
1052 2925 1173 2990 additis
1201 2925 1308 3008 aliquo

169 3026 264 3092 mode
293 3023 437 3090 versibus
466 3025 630 3090 102-107
658 3025 709 3089 uti
733 3025 886 3107 potuisse,
920 3032 1015 3104 certe,
1047 3033 1087 3091 ut
1116 3049 1202 3094 nunc
1223 3035 1308 3106 sunt,

170 3127 250 3210 quid
278 3126 322 3194 ad
350 3124 507 3206 originem
533 3132 567 3191 et
595 3131 745 3190 naturam
774 3127 952 3192 tonitruum
976 3128 1189 3194 describenda
1223 3130 1309 3196 vale·

171 3236 238 3307 ant,
262 3248 326 3292 non
346 3225 552 3308 intellegitur.
596 3226 710 3309 Itaque
730 3229 809 3310 quin
830 3228 911 3294 falso
925 3229 995 3294 loco
1016 3230 1129 3296 inserti
1151 3232 1225 3308 sint,
1247 3252 1311 3298 non

171 3331 292 3396 dubito.
336 3328 399 3394 Sed
413 3329 610 3411 priusquam,
632 3328 688 3393 ubi
710 3329 887 3396 collocandi
901 3331 981 3409 sint,
1004 3351 1206 3413 quaeramus,
1231 3333 1311 3415 quid

172 3434 212 3499 de
232 3431 377 3498 versibus
400 3429 568 3496 roa-115
590 3429 797 3496 iudicandum
818 3432 870 3511 sit,
892 3433 1064 3498 videamus

255 3533 319 3598 Eos
341 3553 414 3598 cum
434 3553 481 3598 vv.
506 3533 673 3598 102-106
695 3536 845 3617 coniungi
865 3555 930 3600 non
950 3555 1052 3618 posse,
1076 3555 1138 3600 non
1161 3537 1311 3619 estquod

123 3651 125 3655 ·
172 3655 327 3702 moneam.
370 3633 595 3710 Quaerendum
616 3641 725 3700 autem
747 3643 805 3714 est,
827 3658 905 3702 num
924 3637 1032 3719 aliquo
1053 3638 1147 3703 modo
1169 3661 1242 3706 cum
1263 3661 1310 3704 vv.

173 3736 319 3804 96-101
344 3742 377 3800 et
400 3736 567 3802 lla-120
589 3744 666 3820 apte
688 3739 837 3821 coniungi
858 3745 1001 3822 possunt

256 3836 304 3904 Ac
332 3837 471 3920 primum
499 3837 629 3919 quidem
663 3859 736 3904 cum
756 3841 896 3906 tonitrus
918 3861 992 3905 cum
1012 3839 1085 3906 aliis
1106 3843 1203 3908 rebus
1224 3861 1311 3908 com·

174 3941 375 4024 parationem
402 3943 435 4002 et
457 3938 756 4006 determinationem
775 3940 924 4020 localem,
958 3963 1042 4024 quae
1072 3949 1121 4008 ost
1148 3944 1183 4006 in
1205 3943 1310 4009 verbis

174 4042 308 4126 patuli
340 4059 462 4123 super
495 4061 674 4123 aequora
701 4044 854 4122 mundi,
889 4046 1091 4122 contineant,
1123 4045 1208 4110 duae
1237 4053 1311 4111 sunt

174 4144 325 4221 rationes,
355 4141 474 4226 quibus
505 4142 533 4207 is
562 4143 775 4225 coniungendi
804 4145 933 4224 modus,
962 4147 1020 4230 qui
1047 4148 1173 4230 positus
1202 4149 1312 4213 estin
