2966 4800
764 272 808 337 26

299 457 390 535 Quae
413 475 486 522 eum
505 456 554 522 ita
575 457 650 536 sint,
672 477 862 542 persuasum
888 454 968 520 mihi
989 461 1039 520 est
1060 459 1171 522 versus
1195 456 1235 524 68
1258 463 1292 522 et
1312 459 1353 523 69

213 558 294 626 falso
315 559 386 623 loeo
406 560 528 643 positos
549 579 635 635 esse3
657 559 807 624 videntur
829 578 902 624 eum
922 579 969 622 vv.
992 558 1118 624 61-62
1141 559 1353 642 coniungendi

214 667 247 726 et
264 661 356 726 uncis
376 660 563 728 indudsndi
587 681 672 726 esse:

298 763 337 828 61
361 784 461 845 quae
493 764 678 846 quoniam
714 761 836 840 fiunt,
874 763 1009 828 tenius
1037 781 1201 846 quoque
1233 763 1353 831 debet

439 886 519 931 rma
555 885 574 930 o

361 965 408 1031 ab
430 885 549 1031 rebud
569 967 680 1031 mitti
701 987 846 1032 summo
868 966 913 1030 de
936 986 1105 1048 corpore
1127 941 1277 1044 rernmp

298 1067 338 1132 68
362 1069 417 1149 [et
437 1068 561 1134 multo
585 1069 710 1135 citius
732 1075 882 1152 quanto
903 1068 1035 1133 minus
1056 1067 1289 1151 indupediri

361 1189 492 1252 pauca
514 1177 667 1253 queunt
688 1178 728 1237 et
749 1191 851 1255 quae
873 1176 968 1236 sunt
994 1170 1119 1253 prima
1139 1168 1272 1235 fronte
1293 1170 1352 1235 lo-

440 1277 501 1340 cat
526 1274 551 1358 ].

671 1435 726 1518 IV,
756 1437 891 1504 85-87.

210 1575 268 1642 Vr.
291 1574 430 1640 85-87:

295 1682 387 1742 sunt
408 1676 534 1759 igitur
553 1675 631 1740 iam
652 1674 868 1740 formarum
891 1675 1069 1760 vestigia
1090 1686 1203 1744 certa

294 1800 397 1862 quae
418 1778 530 1860 volgo
552 1776 724 1842 volitant
745 1777 893 1860 suptili
915 1779 1098 1861 praedita
1117 1779 1191 1845 filo

294 1902 366 1946 nec
388 1878 632 1961 singillatim
652 1887 825 1962 possunt
846 1887 1007 1945 secreta
1028 1881 1164 1960 videri,

210 1988 284 2047 ante
305 2004 333 2045 v.
356 1982 397 2046 82
420 1981 594 2047 collocandi
617 1988 700 2045 sunt.
743 1981 885 2047 Mimime
908 1982 992 2046 enim
1005 1981 1156 2065 Epicurei
1177 2005 1216 2049 ea
1238 1990 1352 2049 certa

211 2083 318 2149 dicere
340 2082 453 2162 solent,
476 2103 559 2166 quae
580 2103 670 2147 mera
692 2083 895 2151 conclusione
916 2085 1112 2150 invenerunt.
1153 2085 1269 2169 Itaque
1288 2085 1352 2153 hoc

208 2185 279 2252 loco
301 2206 365 2251 non
386 2185 525 2251 cuiusvis
545 2185 593 2250 rei
613 2185 769 2266 imagines
791 2192 928 2250 certae
950 2186 1015 2252 dici
1036 2194 1179 2270 possunt,
1202 2188 1259 2252 sed
1281 2187 1350 2252 effi·

209 2289 277 2370 gies
299 2294 434 2365 tantum,
458 2309 498 2352 ex
520 2287 638 2371 quibus
661 2285 746 2352 color
768 2307 789 2352 a
811 2286 889 2351 velis
909 2289 1025 2354 missus
1047 2296 1203 2354 constant
1255 2289 1351 2356 Hunc

209 2389 293 2454 enim
315 2389 415 2454 oculis
437 2389 603 2454 cernimus.
635 2388 808 2454 Praeterea
829 2391 956 2455 omnino
977 2411 1040 2456 non
1061 2391 1268 2474 intellegitur,
1293 2413 1350 2456 eur

209 2489 361 2557 hocloco
384 2490 523 2556 cuiusvis
544 2491 592 2554 rei
613 2491 768 2573 imagines
789 2490 977 2574 singillatim
998 2493 1085 2558 cerm
1106 2515 1171 2558 non
1191 2514 1284 2576 posse
1299 2493 1349 2558 di-

210 2599 339 2669 eantur3
361 2611 492 2676 prorsus
515 2592 653 2658 enimin
675 2592 773 2658 dubio
793 2591 996 2676 relinquitur,
1019 2601 1129 2660 utrum
1143 2595 1348 2677 quemadmo-

209 2695 285 2760 dum
306 2693 421 2760 eoloris
441 2695 644 2760 membranae
674 2695 721 2760 sic
750 2696 848 2760 etiarn
882 2696 1023 2760 omnium
1053 2717 1161 2762 rerum
1194 2697 1349 2779 imagines

209 2797 306 2862 certis
325 2795 519 2879 quibusdam
540 2793 779 2861 condicionibus
800 2797 923 2880 percipi
937 2799 1063 2881 possint
1083 2819 1192 2863 necne
1229 2797 1349 2863 Contra
1466 2821 1467 2826 ¹

208 2901 237 2964 si
262 2919 310 2963 w.
338 2897 463 2964 85-87
496 2898 537 2962 de
569 2897 684 2963 eoloris
713 2919 734 2964 a
761 2898 840 2963 velis
871 2898 961 2964 missi
991 2899 1185 2966 membranis
1215 2899 1349 2983 singulis
1466 2977 1467 2984 χ

207 3003 325 3084 agitur,
348 3000 455 3065 omnia
475 2999 647 3083 perspicua
667 3007 751 3065 sunt
794 3000 939 3066 Colorem
961 3002 1044 3065 enim
1064 3003 1099 3066 in
1119 3001 1257 3068 theatris
1279 3023 1347 3068 cer·

207 3103 322 3181 nimus,
344 3100 486 3184 singulas
508 3102 576 3168 eius
596 3103 798 3168 membranas
820 3123 884 3168 non
906 3104 1126 3188 conspicimus.

581 3245 584 3252 “
704 3271 758 3350 iv,
783 3273 852 3337 rer.

250 3408 385 3473 Versum
408 3406 466 3471 187
490 3406 548 3489 qni
569 3406 603 3469 in
630 3406 720 3472 codd.
741 3413 816 3490 post
835 3429 863 3472 v.
885 3408 948 3472 200
970 3408 1103 3491 legitur:

292 3511 356 3575 200
378 3529 448 3593 per
469 3514 598 3572 totum
620 3505 725 3573 caeli
746 3510 924 3593 spatium
951 3509 1182 3574 diffundere
1203 3529 1290 3575 sese

297 3611 356 3677 187
379 3630 531 3694 perque
569 3609 707 3675 volare
738 3629 842 3675 mare
875 3630 919 3676 se
950 3617 1085 3677 terras
1116 3611 1348 3694 caelumque

374 3731 512 3795 ngare

208 3814 341 3880 alterins
362 3815 556 3880 recensionis
577 3833 647 3880 esse
669 3819 703 3877 et
722 3813 814 3878 uncis
830 3833 899 3880 esse
911 3813 1148 3894 includendum‚
1170 3814 1347 3882 Susemihlo

209 3913 335 4000 (Philol.
358 3917 411 3994 29,
433 3916 511 4001 488)
543 3935 676 3999 prorsus
707 3915 874 3982 assentior.
928 3916 1098 3982 Lueretius
1128 3937 1165 3982 eo
1193 3924 1346 4000 tempore,

209 4037 273 4104 quo
294 4018 424 4101 scripsit
445 4016 482 4096 V,
504 4017 584 4082 593:

293 4120 398 4202 quod
417 4120 544 4185 maria
563 4139 609 4185 ac
629 4126 763 4185 terras
777 4119 905 4184 omnis
922 4118 1153 4201 caelumque
1168 4120 1346 4202 rigando,

210 4243 283 4287 cum
303 4219 400 4286 huius
420 4219 483 4287 loci
505 4221 588 4286 siin
610 4227 751 4286 mentem
771 4221 919 4297 venisset,
942 4239 1015 4284 eum
1036 4218 1199 4286 addidisse
1220 4223 1347 4288 sidem
