<?xml version="1.0" encoding="UTF-8"?>
<!DOCTYPE html PUBLIC "-//W3C//DTD XHTML 1.0 Transitional//EN"
    "http://www.w3.org/TR/xhtml1/DTD/xhtml1-transitional.dtd">
<html xmlns="http://www.w3.org/1999/xhtml" xml:lang="en" lang="en">
 <head>
  <title>
</title>
<meta http-equiv="Content-Type" content="text/html;charset=utf-8" />
  <meta name='ocr-system' content='tesseract 3.04.00' />
  <meta name='ocr-capabilities' content='ocr_page ocr_carea ocr_par ocr_line ocrx_word'/>
</head>
<body>
  <div class='ocr_page' id='page_1' title='image "./delucretiiversi00kanngoog_0016.png"; bbox 0 0 2966 4800; ppageno 0'>
   <div class='ocr_carea' id='block_1_1' title="bbox 748 274 786 338">
    <p class='ocr_par' dir='ltr' id='par_1_1' title="bbox 748 274 786 338">
     <span class='ocr_line' id='line_1_1' title="bbox 748 274 786 338; baseline 0 0"><span class='ocrx_word' id='word_1_1' title='bbox 748 274 786 338; x_wconf 88' lang='lat'>11</span> 
     </span>
    </p>
   </div>
   <div class='ocr_carea' id='block_1_2' title="bbox 195 459 1337 1549">
    <p class='ocr_par' dir='ltr' id='par_1_2' title="bbox 196 459 1337 1140">
     <span class='ocr_line' id='line_1_2' title="bbox 280 459 1336 546; baseline 0 -20"><span class='ocrx_word' id='word_1_2' title='bbox 280 462 404 539; x_wconf 85' lang='lat' dir='ltr'>Restat,</span> <span class='ocrx_word' id='word_1_3' title='bbox 428 469 466 526; x_wconf 84' lang='lat' dir='ltr'>ut</span> <span class='ocrx_word' id='word_1_4' title='bbox 493 481 694 543; x_wconf 87' lang='lat' dir='ltr'>quaeramus,</span> <span class='ocrx_word' id='word_1_5' title='bbox 724 483 802 526; x_wconf 90' lang='lat' dir='ltr'>num</span> <span class='ocrx_word' id='word_1_6' title='bbox 827 482 910 527; x_wconf 79' lang='lat' dir='ltr'>nova</span> <span class='ocrx_word' id='word_1_7' title='bbox 930 481 1007 544; x_wconf 90' lang='lat' dir='ltr'>pars</span> <span class='ocrx_word' id='word_1_8' title='bbox 1029 461 1205 546; x_wconf 72' lang='lat' dir='ltr'>(oa-148)</span> <span class='ocrx_word' id='word_1_9' title='bbox 1227 459 1336 543; x_wconf 88' lang='lat' dir='ltr'>aliquo</span> 
     </span>
     <span class='ocr_line' id='line_1_3' title="bbox 196 561 1336 647; baseline -0.004 -17"><span class='ocrx_word' id='word_1_10' title='bbox 196 564 290 630; x_wconf 89' lang='lat' dir='ltr'>modo</span> <span class='ocrx_word' id='word_1_11' title='bbox 313 585 387 629; x_wconf 92' lang='lat' dir='ltr'>cum</span> <span class='ocrx_word' id='word_1_12' title='bbox 407 563 513 647; x_wconf 89' lang='lat' dir='ltr'>priore</span> <span class='ocrx_word' id='word_1_13' title='bbox 537 563 686 647; x_wconf 88' lang='lat' dir='ltr'>coniungi</span> <span class='ocrx_word' id='word_1_14' title='bbox 707 565 817 647; x_wconf 87' lang='lat' dir='ltr'>possit</span> <span class='ocrx_word' id='word_1_15' title='bbox 854 563 946 641; x_wconf 82' lang='lat' dir='ltr'>Quod</span> <span class='ocrx_word' id='word_1_16' title='bbox 960 563 1041 627; x_wconf 87' lang='lat' dir='ltr'>bene</span> <span class='ocrx_word' id='word_1_17' title='bbox 1055 561 1126 627; x_wconf 90' lang='lat' dir='ltr'>fieri</span> <span class='ocrx_word' id='word_1_18' title='bbox 1140 581 1234 646; x_wconf 85' lang='lat' dir='ltr'>posse</span> <span class='ocrx_word' id='word_1_19' title='bbox 1247 568 1336 645; x_wconf 91' lang='lat' dir='ltr'>puto.</span> 
     </span>
     <span class='ocr_line' id='line_1_4' title="bbox 196 662 1337 749; baseline -0.003 -18"><span class='ocrx_word' id='word_1_20' title='bbox 196 667 343 732; x_wconf 77' lang='lat' dir='ltr'>Vidimus</span> <span class='ocrx_word' id='word_1_21' title='bbox 366 685 490 730; x_wconf 88' lang='lat' dir='ltr'>omnem</span> <span class='ocrx_word' id='word_1_22' title='bbox 511 662 717 730; x_wconf 84' lang='lat' dir='ltr'>offensionem</span> <span class='ocrx_word' id='word_1_23' title='bbox 738 666 877 749; x_wconf 79' lang='lat' dir='ltr'>positam</span> <span class='ocrx_word' id='word_1_24' title='bbox 899 685 967 730; x_wconf 90' lang='lat' dir='ltr'>esse</span> <span class='ocrx_word' id='word_1_25' title='bbox 990 665 1025 728; x_wconf 91' lang='lat' dir='ltr'>in</span> <span class='ocrx_word' id='word_1_26' title='bbox 1046 687 1092 729; x_wconf 87' lang='grc'>00.</span> <span class='ocrx_word' id='word_1_27' title='bbox 1107 665 1243 729; x_wconf 75' lang='lat'>54-61.</span> <span class='ocrx_word' id='word_1_28' title='bbox 1278 664 1337 729; x_wconf 77' lang='lat' dir='ltr'>His</span> 
     </span>
     <span class='ocr_line' id='line_1_5' title="bbox 197 763 1336 850; baseline -0.003 -15"><span class='ocrx_word' id='word_1_29' title='bbox 197 769 321 835; x_wconf 89' lang='lat' dir='ltr'>omissis</span> <span class='ocrx_word' id='word_1_30' title='bbox 343 769 448 833; x_wconf 90' lang='lat' dir='ltr'>omnia</span> <span class='ocrx_word' id='word_1_31' title='bbox 477 767 559 832; x_wconf 91' lang='lat' dir='ltr'>bene</span> <span class='ocrx_word' id='word_1_32' title='bbox 587 768 774 850; x_wconf 88' lang='lat' dir='ltr'>procedunt.</span> <span class='ocrx_word' id='word_1_33' title='bbox 822 766 906 831; x_wconf 90' lang='lat' dir='ltr'>Nam</span> <span class='ocrx_word' id='word_1_34' title='bbox 933 773 1106 850; x_wconf 81' lang='lat' dir='ltr'><strong>postquam</strong></span> <span class='ocrx_word' id='word_1_35' title='bbox 1134 785 1154 831; x_wconf 91' lang='lat' dir='ltr'>a</span> <span class='ocrx_word' id='word_1_36' title='bbox 1187 763 1336 832; x_wconf 90' lang='lat' dir='ltr'>Memmio</span> 
     </span>
     <span class='ocr_line' id='line_1_6' title="bbox 197 868 1336 958; baseline 0.001 -23"><span class='ocrx_word' id='word_1_37' title='bbox 197 869 365 936; x_wconf 87' lang='lat' dir='ltr'>Lucretius</span> <span class='ocrx_word' id='word_1_38' title='bbox 376 871 499 958; x_wconf 86' lang='lat' dir='ltr'>petivit,</span> <span class='ocrx_word' id='word_1_39' title='bbox 522 876 559 934; x_wconf 90' lang='lat' dir='ltr'>ut</span> <span class='ocrx_word' id='word_1_40' title='bbox 580 871 723 935; x_wconf 88' lang='lat' dir='ltr'>animum</span> <span class='ocrx_word' id='word_1_41' title='bbox 737 868 780 935; x_wconf 88' lang='lat' dir='ltr'>ad</span> <span class='ocrx_word' id='word_1_42' title='bbox 794 890 926 934; x_wconf 75' lang='lat' dir='ltr'>veram</span> <span class='ocrx_word' id='word_1_43' title='bbox 935 869 1021 934; x_wconf 87' lang='lat' dir='ltr'>rati</span> <span class='ocrx_word' id='word_1_44' title='bbox 1030 889 1101 933; x_wconf 86' lang='lat' dir='ltr'>one</span> <span class='ocrx_word' id='word_1_45' title='bbox 1110 891 1143 933; x_wconf 93' lang='lat' dir='ltr'>m</span> <span class='ocrx_word' id='word_1_46' title='bbox 1157 868 1336 948; x_wconf 88' lang='lat' dir='ltr'>adhiberet,</span> 
     </span>
     <span class='ocr_line' id='line_1_7' title="bbox 197 970 1337 1055; baseline 0.002 -19"><span class='ocrx_word' id='word_1_47' title='bbox 197 994 355 1055; x_wconf 80' lang='lat' dir='ltr'>quaenam</span> <span class='ocrx_word' id='word_1_48' title='bbox 375 995 470 1038; x_wconf 86' lang='lat' dir='ltr'>vera</span> <span class='ocrx_word' id='word_1_49' title='bbox 492 979 576 1037; x_wconf 90' lang='lat' dir='ltr'>esset</span> <span class='ocrx_word' id='word_1_50' title='bbox 595 973 702 1038; x_wconf 87' lang='lat' dir='ltr'>ratio</span> <span class='ocrx_word' id='word_1_51' title='bbox 725 978 758 1036; x_wconf 89' lang='grc'>01</span> <span class='ocrx_word' id='word_1_52' title='bbox 785 993 805 1036; x_wconf 91' lang='lat' dir='ltr'>a</span> <span class='ocrx_word' id='word_1_53' title='bbox 827 992 967 1054; x_wconf 88' lang='lat' dir='ltr'>quonam</span> <span class='ocrx_word' id='word_1_54' title='bbox 988 970 1143 1054; x_wconf 84' lang='lat' dir='ltr'>proiecta,</span> <span class='ocrx_word' id='word_1_55' title='bbox 1166 971 1337 1038; x_wconf 88' lang='lat' dir='ltr'>dicendum</span> 
     </span>
     <span class='ocr_line' id='line_1_8' title="bbox 198 1082 276 1140; baseline 0 0"><span class='ocrx_word' id='word_1_56' title='bbox 198 1082 276 1140; x_wconf 84' lang='lat' dir='ltr'>erat</span> 
     </span>
    </p>

    <p class='ocr_par' dir='ltr' id='par_1_3' title="bbox 195 1172 1337 1549">
     <span class='ocr_line' id='line_1_9' title="bbox 280 1172 1337 1260; baseline -0.004 -18"><span class='ocrx_word' id='word_1_57' title='bbox 280 1178 370 1256; x_wconf 78' lang='lat' dir='ltr'>Quae</span> <span class='ocrx_word' id='word_1_58' title='bbox 393 1198 467 1243; x_wconf 92' lang='lat' dir='ltr'>cum</span> <span class='ocrx_word' id='word_1_59' title='bbox 485 1178 534 1242; x_wconf 87' lang='lat' dir='ltr'>ita</span> <span class='ocrx_word' id='word_1_60' title='bbox 556 1179 631 1255; x_wconf 89' lang='lat' dir='ltr'>sint,</span> <span class='ocrx_word' id='word_1_61' title='bbox 661 1176 858 1260; x_wconf 89' lang='lat' dir='ltr'>prooemium</span> <span class='ocrx_word' id='word_1_62' title='bbox 885 1172 1067 1238; x_wconf 91' lang='lat' dir='ltr'>absolutum</span> <span class='ocrx_word' id='word_1_63' title='bbox 1094 1173 1176 1238; x_wconf 91' lang='lat' dir='ltr'>illud</span> <span class='ocrx_word' id='word_1_64' title='bbox 1207 1174 1337 1257; x_wconf 88' lang='lat' dir='ltr'>quidem</span> 
     </span>
     <span class='ocr_line' id='line_1_10' title="bbox 198 1275 1336 1364; baseline -0.002 -20"><span class='ocrx_word' id='word_1_65' title='bbox 198 1300 265 1344; x_wconf 88' lang='grc'><strong>0000</strong></span> <span class='ocrx_word' id='word_1_66' title='bbox 294 1280 351 1344; x_wconf 90' lang='lat' dir='ltr'>sed</span> <span class='ocrx_word' id='word_1_67' title='bbox 377 1287 488 1364; x_wconf 85' lang='lat' dir='ltr'>partes</span> <span class='ocrx_word' id='word_1_68' title='bbox 519 1280 587 1344; x_wconf 91' lang='lat' dir='ltr'>eius</span> <span class='ocrx_word' id='word_1_69' title='bbox 615 1279 749 1344; x_wconf 86' lang='lat' dir='ltr'>diversis</span> <span class='ocrx_word' id='word_1_70' title='bbox 769 1276 968 1360; x_wconf 75' lang='lat' dir='ltr'>temporibus</span> <span class='ocrx_word' id='word_1_71' title='bbox 989 1275 1137 1358; x_wconf 85' lang='lat' dir='ltr'>scriptas,</span> <span class='ocrx_word' id='word_1_72' title='bbox 1165 1283 1198 1342; x_wconf 89' lang='lat' dir='ltr'>ct</span> <span class='ocrx_word' id='word_1_73' title='bbox 1217 1275 1336 1342; x_wconf 90' lang='lat' dir='ltr'>Lucre-</span> 
     </span>
     <span class='ocr_line' id='line_1_11' title="bbox 195 1378 1337 1465; baseline -0.002 -19"><span class='ocrx_word' id='word_1_74' title='bbox 195 1382 293 1461; x_wconf 87' lang='lat' dir='ltr'>tium,</span> <span class='ocrx_word' id='word_1_75' title='bbox 316 1383 343 1446; x_wconf 92' lang='lat' dir='ltr'>si</span> <span class='ocrx_word' id='word_1_76' title='bbox 365 1383 434 1465; x_wconf 90' lang='lat' dir='ltr'>ipse</span> <span class='ocrx_word' id='word_1_77' title='bbox 464 1403 592 1448; x_wconf 90' lang='lat' dir='ltr'>carmen</span> <span class='ocrx_word' id='word_1_78' title='bbox 615 1379 785 1459; x_wconf 79' lang='lat' dir='ltr'>edidisset,</span> <span class='ocrx_word' id='word_1_79' title='bbox 819 1402 866 1444; x_wconf 90' lang='grc'>00.</span> <span class='ocrx_word' id='word_1_80' title='bbox 889 1379 1014 1445; x_wconf 78' lang='lat'>54-61</span> <span class='ocrx_word' id='word_1_81' title='bbox 1038 1378 1217 1444; x_wconf 84' lang='lat' dir='ltr'>deleturum</span> <span class='ocrx_word' id='word_1_82' title='bbox 1239 1378 1337 1444; x_wconf 85' lang='lat' dir='ltr'>fuisse</span> 
     </span>
     <span class='ocr_line' id='line_1_12' title="bbox 197 1503 318 1549; baseline -0.017 0"><span class='ocrx_word' id='word_1_83' title='bbox 197 1503 318 1549; x_wconf 88' lang='lat' dir='ltr'>censeo.</span> 
     </span>
    </p>
   </div>
   <div class='ocr_carea' id='block_1_3' title="bbox 630 1646 880 1726">
    <p class='ocr_par' dir='ltr' id='par_1_4' title="bbox 630 1646 880 1726">
     <span class='ocr_line' id='line_1_13' title="bbox 630 1646 880 1726; baseline 0.008 -19"><span class='ocrx_word' id='word_1_84' title='bbox 630 1646 675 1726; x_wconf 87' lang='lat'>.1,</span> <span class='ocrx_word' id='word_1_85' title='bbox 703 1646 880 1712; x_wconf 80' lang='lat' dir='ltr'>arr-328.</span> 
     </span>
    </p>
   </div>
   <div class='ocr_carea' id='block_1_4' title="bbox 195 1781 1337 2278">
    <p class='ocr_par' dir='ltr' id='par_1_5' title="bbox 195 1781 1337 2278">
     <span class='ocr_line' id='line_1_14' title="bbox 281 1781 1336 1866; baseline 0.003 -18"><span class='ocrx_word' id='word_1_86' title='bbox 281 1783 318 1848; x_wconf 90' lang='lat' dir='ltr'>V.</span> <span class='ocrx_word' id='word_1_87' title='bbox 341 1785 413 1862; x_wconf 80' lang='lat'>326,</span> <span class='ocrx_word' id='word_1_88' title='bbox 435 1803 532 1866; x_wconf 86' lang='lat' dir='ltr'>quem</span> <span class='ocrx_word' id='word_1_89' title='bbox 551 1783 723 1865; x_wconf 89' lang='lat' dir='ltr'>Briegerus</span> <span class='ocrx_word' id='word_1_90' title='bbox 744 1782 900 1860; x_wconf 80' lang='lat' dir='ltr'>Phil.·23‚</span> <span class='ocrx_word' id='word_1_91' title='bbox 922 1781 987 1846; x_wconf 83' lang='lat'>464</span> <span class='ocrx_word' id='word_1_92' title='bbox 1016 1789 1075 1847; x_wconf 91' lang='lat' dir='ltr'>aut</span> <span class='ocrx_word' id='word_1_93' title='bbox 1097 1790 1190 1850; x_wconf 84' lang='lat' dir='ltr'>extra</span> <span class='ocrx_word' id='word_1_94' title='bbox 1221 1787 1336 1850; x_wconf 70' lang='lat' dir='ltr'>carnii-</span> 
     </span>
     <span class='ocr_line' id='line_1_15' title="bbox 197 1883 1337 1969; baseline 0.003 -19"><span class='ocrx_word' id='word_1_95' title='bbox 197 1886 247 1950; x_wconf 90' lang='lat' dir='ltr'>nis</span> <span class='ocrx_word' id='word_1_96' title='bbox 269 1886 514 1951; x_wconf 86' lang='lat' dir='ltr'>continuitatem</span> <span class='ocrx_word' id='word_1_97' title='bbox 535 1887 692 1968; x_wconf 88' lang='lat' dir='ltr'>scriptum</span> <span class='ocrx_word' id='word_1_98' title='bbox 713 1891 770 1950; x_wconf 89' lang='lat' dir='ltr'>aut</span> <span class='ocrx_word' id='word_1_99' title='bbox 797 1884 905 1967; x_wconf 71' lang='lat' dir='ltr'>atiquo</span> <span class='ocrx_word' id='word_1_100' title='bbox 933 1884 1028 1948; x_wconf 91' lang='lat' dir='ltr'>modo</span> <span class='ocrx_word' id='word_1_101' title='bbox 1062 1883 1337 1969; x_wconf 83' lang='lat' dir='ltr'>transponendum</span> 
     </span>
     <span class='ocr_line' id='line_1_16' title="bbox 197 1986 1336 2070; baseline 0.002 -18"><span class='ocrx_word' id='word_1_102' title='bbox 197 2008 266 2052; x_wconf 89' lang='lat' dir='ltr'>esse</span> <span class='ocrx_word' id='word_1_103' title='bbox 287 1988 375 2066; x_wconf 87' lang='lat' dir='ltr'>dicit,</span> <span class='ocrx_word' id='word_1_104' title='bbox 399 1987 655 2069; x_wconf 87' lang='lat' dir='ltr'>Stuerenburgus</span> <span class='ocrx_word' id='word_1_105' title='bbox 676 1986 697 2051; x_wconf 91' lang='lat' dir='ltr'>l.</span> <span class='ocrx_word' id='word_1_106' title='bbox 720 2009 747 2052; x_wconf 90' lang='lat' dir='ltr'>c.</span> <span class='ocrx_word' id='word_1_107' title='bbox 776 2008 849 2070; x_wconf 86' lang='lat' dir='ltr'>pag.</span> <span class='ocrx_word' id='word_1_108' title='bbox 871 1988 932 2052; x_wconf 81' lang='lat'>391</span> <span class='ocrx_word' id='word_1_109' title='bbox 962 2007 1075 2052; x_wconf 90' lang='lat' dir='ltr'>rursus</span> <span class='ocrx_word' id='word_1_110' title='bbox 1105 1995 1218 2053; x_wconf 88' lang='lat' dir='ltr'>contra</span> <span class='ocrx_word' id='word_1_111' title='bbox 1245 1990 1336 2054; x_wconf 88' lang='lat' dir='ltr'>Bric-</span> 
     </span>
     <span class='ocr_line' id='line_1_17' title="bbox 196 2088 1335 2178; baseline 0.005 -26"><span class='ocrx_word' id='word_1_112' title='bbox 196 2091 264 2172; x_wconf 89' lang='lat' dir='ltr'>geri</span> <span class='ocrx_word' id='word_1_113' title='bbox 285 2090 498 2173; x_wconf 83' lang='lat' dir='ltr'>suspicionem</span> <span class='ocrx_word' id='word_1_114' title='bbox 525 2089 697 2154; x_wconf 86' lang='lat' dir='ltr'>defendere</span> <span class='ocrx_word' id='word_1_115' title='bbox 718 2089 837 2168; x_wconf 89' lang='lat' dir='ltr'>studet,</span> <span class='ocrx_word' id='word_1_116' title='bbox 870 2088 1077 2155; x_wconf 88' lang='lat' dir='ltr'>Neumannus</span> <span class='ocrx_word' id='word_1_117' title='bbox 1104 2090 1244 2173; x_wconf 91' lang='lat' dir='ltr'>denique</span> <span class='ocrx_word' id='word_1_118' title='bbox 1273 2093 1335 2178; x_wconf 90' lang='lat' dir='ltr'>(De</span> 
     </span>
     <span class='ocr_line' id='line_1_18' title="bbox 195 2189 1336 2278; baseline 0.004 -22"><span class='ocrx_word' id='word_1_119' title='bbox 195 2191 356 2276; x_wconf 83' lang='lat' dir='ltr'>interpell.</span> <span class='ocrx_word' id='word_1_120' title='bbox 383 2191 600 2271; x_wconf 74' lang='lat' dir='ltr'>humationis,</span> <span class='ocrx_word' id='word_1_121' title='bbox 630 2189 721 2256; x_wconf 90' lang='lat' dir='ltr'>Halis</span> <span class='ocrx_word' id='word_1_122' title='bbox 746 2191 837 2270; x_wconf 77' lang='lat'>1875,</span> <span class='ocrx_word' id='word_1_123' title='bbox 867 2213 941 2275; x_wconf 91' lang='lat' dir='ltr'>pag.</span> <span class='ocrx_word' id='word_1_124' title='bbox 964 2192 1020 2278; x_wconf 80' lang='lat'>47)</span> <span class='ocrx_word' id='word_1_125' title='bbox 1043 2190 1085 2258; x_wconf 91' lang='lat' dir='ltr'>ab</span> <span class='ocrx_word' id='word_1_126' title='bbox 1106 2193 1336 2277; x_wconf 87' lang='lat' dir='ltr'>interpolatore</span> 
     </span>
    </p>
   </div>
   <div class='ocr_carea' id='block_1_5' title="bbox 193 2292 1337 4315">
    <p class='ocr_par' dir='ltr' id='par_1_6' title="bbox 193 2292 1337 3904">
     <span class='ocr_line' id='line_1_19' title="bbox 196 2292 1335 2377; baseline 0.004 -18"><span class='ocrx_word' id='word_1_127' title='bbox 196 2295 343 2360; x_wconf 88' lang='lat' dir='ltr'>additum</span> <span class='ocrx_word' id='word_1_128' title='bbox 365 2315 434 2360; x_wconf 86' lang='grc'><strong>0000</strong></span> <span class='ocrx_word' id='word_1_129' title='bbox 457 2301 575 2371; x_wconf 87' lang='grc'><strong>000001,</strong></span> <span class='ocrx_word' id='word_1_130' title='bbox 597 2293 718 2358; x_wconf 84' lang='lat' dir='ltr'>nullam</span> <span class='ocrx_word' id='word_1_131' title='bbox 748 2292 1335 2377; x_wconf 74' lang='grc' dir='ltr'><strong>ο110001000010000101,·010010000.</strong></span> 
     </span>
     <span class='ocr_line' id='line_1_20' title="bbox 197 2394 1336 2481; baseline 0 -18"><span class='ocrx_word' id='word_1_132' title='bbox 197 2397 364 2463; x_wconf 75' lang='lat'><strong>322—327</strong></span> <span class='ocrx_word' id='word_1_133' title='bbox 387 2397 585 2479; x_wconf 82' lang='lat' dir='ltr'>respicimus.</span> <span class='ocrx_word' id='word_1_134' title='bbox 621 2395 704 2462; x_wconf 86' lang='lat' dir='ltr'>Nam</span> <span class='ocrx_word' id='word_1_135' title='bbox 726 2394 922 2460; x_wconf 88' lang='lat' dir='ltr'>siLambino</span> <span class='ocrx_word' id='word_1_136' title='bbox 945 2403 1077 2461; x_wconf 85' lang='lat' dir='ltr'>auctore</span> <span class='ocrx_word' id='word_1_137' title='bbox 1099 2396 1153 2481; x_wconf 86' lang='lat' dir='ltr'>(ci.</span> <span class='ocrx_word' id='word_1_138' title='bbox 1170 2395 1336 2464; x_wconf 82' lang='lat' dir='ltr'>Stuerenb.</span> 
     </span>
     <span class='ocr_line' id='line_1_21' title="bbox 195 2498 1336 2583; baseline 0.001 -19"><span class='ocrx_word' id='word_1_139' title='bbox 195 2498 216 2564; x_wconf 91' lang='lat' dir='ltr'>l.</span> <span class='ocrx_word' id='word_1_140' title='bbox 239 2499 279 2583; x_wconf 84' lang='grc'>0.)</span> <span class='ocrx_word' id='word_1_141' title='bbox 302 2521 375 2564; x_wconf 89' lang='lat' dir='ltr'>eum</span> <span class='ocrx_word' id='word_1_142' title='bbox 397 2519 470 2563; x_wconf 90' lang='lat' dir='ltr'>cum</span> <span class='ocrx_word' id='word_1_143' title='bbox 491 2498 616 2563; x_wconf 89' lang='lat' dir='ltr'>duobus</span> <span class='ocrx_word' id='word_1_144' title='bbox 638 2499 694 2581; x_wconf 95' lang='lat' dir='ltr'>qui</span> <span class='ocrx_word' id='word_1_145' title='bbox 715 2503 896 2580; x_wconf 84' lang='lat' dir='ltr'>sequuntur</span> <span class='ocrx_word' id='word_1_146' title='bbox 916 2519 963 2562; x_wconf 86' lang='grc'>00.</span> <span class='ocrx_word' id='word_1_147' title='bbox 986 2498 1222 2581; x_wconf 90' lang='lat' dir='ltr'>coniungimus‚</span> <span class='ocrx_word' id='word_1_148' title='bbox 1254 2501 1336 2566; x_wconf 88' lang='lat' dir='ltr'>duae</span> 
     </span>
     <span class='ocr_line' id='line_1_22' title="bbox 195 2599 1333 2685; baseline 0 -18"><span class='ocrx_word' id='word_1_149' title='bbox 195 2608 269 2667; x_wconf 87' lang='lat' dir='ltr'>sunt</span> <span class='ocrx_word' id='word_1_150' title='bbox 290 2622 438 2667; x_wconf 90' lang='lat' dir='ltr'>versuum</span> <span class='ocrx_word' id='word_1_151' title='bbox 460 2601 626 2666; x_wconf 75' lang='lat'><strong>322-327</strong></span> <span class='ocrx_word' id='word_1_152' title='bbox 650 2608 773 2684; x_wconf 84' lang='lat' dir='ltr'>partes:</span> <span class='ocrx_word' id='word_1_153' title='bbox 794 2601 882 2682; x_wconf 91' lang='lat' dir='ltr'>prior</span> <span class='ocrx_word' id='word_1_154' title='bbox 898 2599 1096 2685; x_wconf 74' lang='lat'>(322-324)</span> <span class='ocrx_word' id='word_1_155' title='bbox 1111 2621 1163 2666; x_wconf 86' lang='lat' dir='ltr'>res</span> <span class='ocrx_word' id='word_1_156' title='bbox 1177 2602 1333 2685; x_wconf 87' lang='lat' dir='ltr'>paulatim</span> 
     </span>
     <span class='ocr_line' id='line_1_23' title="bbox 196 2700 1337 2788; baseline 0.002 -20"><span class='ocrx_word' id='word_1_157' title='bbox 196 2711 384 2786; x_wconf 82' lang='lat' dir='ltr'>crescentes,</span> <span class='ocrx_word' id='word_1_158' title='bbox 408 2701 512 2782; x_wconf 88' lang='lat' dir='ltr'>altera</span> <span class='ocrx_word' id='word_1_159' title='bbox 540 2703 739 2788; x_wconf 73' lang='lat'>(325-327)</span> <span class='ocrx_word' id='word_1_160' title='bbox 768 2723 821 2767; x_wconf 91' lang='lat' dir='ltr'>res</span> <span class='ocrx_word' id='word_1_161' title='bbox 851 2721 934 2784; x_wconf 88' lang='lat' dir='ltr'>quae</span> <span class='ocrx_word' id='word_1_162' title='bbox 962 2700 1121 2784; x_wconf 91' lang='lat' dir='ltr'>paulatim</span> <span class='ocrx_word' id='word_1_163' title='bbox 1148 2705 1337 2770; x_wconf 89' lang='lat' dir='ltr'>minuuntur</span> 
     </span>
     <span class='ocr_line' id='line_1_24' title="bbox 194 2803 1335 2890; baseline 0.001 -19"><span class='ocrx_word' id='word_1_164' title='bbox 194 2811 326 2871; x_wconf 80' lang='lat' dir='ltr'>tractat</span> <span class='ocrx_word' id='word_1_165' title='bbox 347 2805 510 2871; x_wconf 88' lang='lat' dir='ltr'>Posterior</span> <span class='ocrx_word' id='word_1_166' title='bbox 524 2826 600 2889; x_wconf 88' lang='lat' dir='ltr'>pars</span> <span class='ocrx_word' id='word_1_167' title='bbox 615 2826 727 2870; x_wconf 89' lang='lat' dir='ltr'>rursus</span> <span class='ocrx_word' id='word_1_168' title='bbox 742 2803 959 2870; x_wconf 82' lang='lat' dir='ltr'>subdividitur</span> <span class='ocrx_word' id='word_1_169' title='bbox 972 2805 1007 2867; x_wconf 92' lang='grc'>10</span> <span class='ocrx_word' id='word_1_170' title='bbox 1022 2803 1104 2870; x_wconf 85' lang='lat' dir='ltr'>duas</span> <span class='ocrx_word' id='word_1_171' title='bbox 1117 2812 1238 2888; x_wconf 87' lang='lat' dir='ltr'>partes,</span> <span class='ocrx_word' id='word_1_172' title='bbox 1254 2829 1335 2890; x_wconf 90' lang='lat' dir='ltr'>qua-</span> 
     </span>
     <span class='ocr_line' id='line_1_25' title="bbox 195 2903 1336 2990; baseline 0.003 -19"><span class='ocrx_word' id='word_1_173' title='bbox 195 2928 267 2971; x_wconf 91' lang='lat' dir='ltr'>rum</span> <span class='ocrx_word' id='word_1_174' title='bbox 288 2907 378 2989; x_wconf 90' lang='lat' dir='ltr'>prior</span> <span class='ocrx_word' id='word_1_175' title='bbox 399 2906 440 2971; x_wconf 90' lang='lat' dir='ltr'>de</span> <span class='ocrx_word' id='word_1_176' title='bbox 461 2906 557 2972; x_wconf 88' lang='lat' dir='ltr'>rebus</span> <span class='ocrx_word' id='word_1_177' title='bbox 579 2908 739 2990; x_wconf 79' lang='lat' dir='ltr'>organicis</span> <span class='ocrx_word' id='word_1_178' title='bbox 761 2945 802 2953; x_wconf 95' lang='lat'>—-</span> <span class='ocrx_word' id='word_1_179' title='bbox 826 2914 913 2971; x_wconf 88' lang='lat' dir='ltr'>errat</span> <span class='ocrx_word' id='word_1_180' title='bbox 928 2903 1135 2972; x_wconf 88' lang='lat' dir='ltr'>Neumannus</span> <span class='ocrx_word' id='word_1_181' title='bbox 1149 2907 1336 2990; x_wconf 89' lang='lat' dir='ltr'>Briegerum</span> 
     </span>
     <span class='ocr_line' id='line_1_26' title="bbox 194 3006 1334 3094; baseline 0.006 -23"><span class='ocrx_word' id='word_1_182' title='bbox 194 3006 215 3071; x_wconf 92' lang='grc'>1.</span> <span class='ocrx_word' id='word_1_183' title='bbox 240 3028 265 3071; x_wconf 91' lang='grc'>0.</span> <span class='ocrx_word' id='word_1_184' title='bbox 287 3029 334 3071; x_wconf 93' lang='grc'>00.</span> <span class='ocrx_word' id='word_1_185' title='bbox 357 3007 525 3075; x_wconf 80' lang='grc'><strong>322-325</strong></span> <span class='ocrx_word' id='word_1_186' title='bbox 549 3009 589 3073; x_wconf 92' lang='lat' dir='ltr'>de</span> <span class='ocrx_word' id='word_1_187' title='bbox 611 3008 827 3074; x_wconf 87' lang='lat' dir='ltr'>animantibus</span> <span class='ocrx_word' id='word_1_188' title='bbox 847 3014 976 3074; x_wconf 90' lang='lat' dir='ltr'>tantum</span> <span class='ocrx_word' id='word_1_189' title='bbox 996 3009 1051 3090; x_wconf 91' lang='lat' dir='ltr'>agi</span> <span class='ocrx_word' id='word_1_190' title='bbox 1072 3008 1194 3074; x_wconf 86' lang='lat' dir='ltr'>dixisse</span> <span class='ocrx_word' id='word_1_191' title='bbox 1205 3018 1334 3094; x_wconf 88' lang='lat' dir='ltr'>putans,</span> 
     </span>
     <span class='ocr_line' id='line_1_27' title="bbox 196 3110 1335 3196; baseline 0.005 -22"><span class='ocrx_word' id='word_1_192' title='bbox 196 3110 278 3176; x_wconf 83' lang='lat' dir='ltr'>dixit</span> <span class='ocrx_word' id='word_1_193' title='bbox 303 3111 413 3194; x_wconf 86' lang='lat' dir='ltr'>potius</span> <span class='ocrx_word' id='word_1_194' title='bbox 434 3110 475 3174; x_wconf 90' lang='lat' dir='ltr'>de</span> <span class='ocrx_word' id='word_1_195' title='bbox 495 3112 655 3195; x_wconf 88' lang='lat' dir='ltr'>organicis</span> <span class='ocrx_word' id='word_1_196' title='bbox 674 3112 737 3193; x_wconf 88' lang='lat' dir='ltr'>agi,</span> <span class='ocrx_word' id='word_1_197' title='bbox 759 3110 857 3193; x_wconf 91' lang='lat' dir='ltr'>idque</span> <span class='ocrx_word' id='word_1_198' title='bbox 878 3131 1010 3194; x_wconf 88' lang='lat' dir='ltr'>prorsus</span> <span class='ocrx_word' id='word_1_199' title='bbox 1031 3117 1137 3188; x_wconf 90' lang='lat' dir='ltr'>recte;</span> <span class='ocrx_word' id='word_1_200' title='bbox 1166 3133 1242 3177; x_wconf 91' lang='lat' dir='ltr'>uam</span> <span class='ocrx_word' id='word_1_201' title='bbox 1262 3115 1335 3196; x_wconf 88' lang='lat' dir='ltr'>quis</span> 
     </span>
     <span class='ocr_line' id='line_1_28' title="bbox 194 3212 1334 3295; baseline 0.004 -19"><span class='ocrx_word' id='word_1_202' title='bbox 194 3232 246 3277; x_wconf 87' lang='lat' dir='ltr'>res</span> <span class='ocrx_word' id='word_1_203' title='bbox 268 3212 479 3293; x_wconf 84' lang='lat' dir='ltr'>anorgauicas</span> <span class='ocrx_word' id='word_1_204' title='bbox 509 3234 607 3292; x_wconf 86' lang='lat' dir='ltr'>„aevo</span> <span class='ocrx_word' id='word_1_205' title='bbox 634 3213 802 3295; x_wconf 89' lang='lat' dir='ltr'>macieque</span> <span class='ocrx_word' id='word_1_206' title='bbox 823 3220 1007 3278; x_wconf 87' lang='lat' dir='ltr'>seuesoerc“</span> <span class='ocrx_word' id='word_1_207' title='bbox 1030 3212 1139 3278; x_wconf 80' lang='lat' dir='ltr'>dicet?</span> <span class='ocrx_word' id='word_1_208' title='bbox 1161 3221 1248 3280; x_wconf 86' lang='lat' dir='ltr'>certe</span> <span class='ocrx_word' id='word_1_209' title='bbox 1269 3215 1334 3280; x_wconf 92' lang='lat' dir='ltr'>Lu-</span> 
     </span>
     <span class='ocr_line' id='line_1_29' title="bbox 195 3313 1335 3384; baseline 0.005 -6"><span class='ocrx_word' id='word_1_210' title='bbox 195 3313 316 3378; x_wconf 85' lang='lat' dir='ltr'>cretius</span> <span class='ocrx_word' id='word_1_211' title='bbox 336 3335 363 3376; x_wconf 91' lang='grc'>0.</span> <span class='ocrx_word' id='word_1_212' title='bbox 387 3315 450 3379; x_wconf 83' lang='lat'>319</span> <span class='ocrx_word' id='word_1_213' title='bbox 471 3313 627 3380; x_wconf 82' lang='lat' dir='ltr'>vocabulo</span> <span class='ocrx_word' id='word_1_214' title='bbox 646 3315 767 3378; x_wconf 88' lang='lat' dir='ltr'>minui</span> <span class='ocrx_word' id='word_1_215' title='bbox 790 3335 868 3380; x_wconf 87' lang='lat' dir='ltr'>usus</span> <span class='ocrx_word' id='word_1_216' title='bbox 897 3321 1009 3380; x_wconf 87' lang='lat' dir='ltr'>est-</span> <span class='ocrx_word' id='word_1_217' title='bbox 1034 3315 1137 3380; x_wconf 89' lang='lat' dir='ltr'>altera</span> <span class='ocrx_word' id='word_1_218' title='bbox 1168 3315 1209 3381; x_wconf 90' lang='lat' dir='ltr'>de</span> <span class='ocrx_word' id='word_1_219' title='bbox 1239 3317 1335 3384; x_wconf 84' lang='lat' dir='ltr'>rebus</span> 
     </span>
     <span class='ocr_line' id='line_1_30' title="bbox 195 3413 1335 3503; baseline 0.005 -24"><span class='ocrx_word' id='word_1_220' title='bbox 195 3415 399 3497; x_wconf 83' lang='lat' dir='ltr'>anorganicis</span> <span class='ocrx_word' id='word_1_221' title='bbox 421 3421 478 3478; x_wconf 90' lang='grc'><strong>001.</strong></span> <span class='ocrx_word' id='word_1_222' title='bbox 515 3415 585 3481; x_wconf 89' lang='lat' dir='ltr'>Hoc</span> <span class='ocrx_word' id='word_1_223' title='bbox 606 3439 706 3483; x_wconf 89' lang='lat' dir='ltr'>unum</span> <span class='ocrx_word' id='word_1_224' title='bbox 727 3415 825 3481; x_wconf 92' lang='lat' dir='ltr'>alicui</span> <span class='ocrx_word' id='word_1_225' title='bbox 847 3413 1013 3482; x_wconf 84' lang='lat' dir='ltr'>offensioni</span> <span class='ocrx_word' id='word_1_226' title='bbox 1028 3437 1096 3482; x_wconf 88' lang='lat' dir='ltr'>esse</span> <span class='ocrx_word' id='word_1_227' title='bbox 1111 3419 1223 3500; x_wconf 85' lang='lat' dir='ltr'>possit,</span> <span class='ocrx_word' id='word_1_228' title='bbox 1247 3421 1335 3503; x_wconf 87' lang='lat' dir='ltr'>quod</span> 
     </span>
     <span class='ocr_line' id='line_1_31' title="bbox 194 3517 1334 3604; baseline 0.004 -23"><span class='ocrx_word' id='word_1_229' title='bbox 194 3537 345 3581; x_wconf 78' lang='lat' dir='ltr'>uersuum</span> <span class='ocrx_word' id='word_1_230' title='bbox 365 3517 533 3582; x_wconf 75' lang='lat'><strong>325-327</strong></span> <span class='ocrx_word' id='word_1_231' title='bbox 555 3517 644 3600; x_wconf 89' lang='lat' dir='ltr'>prior</span> <span class='ocrx_word' id='word_1_232' title='bbox 666 3519 825 3583; x_wconf 88' lang='lat' dir='ltr'>sententia</span> <span class='ocrx_word' id='word_1_233' title='bbox 846 3517 1013 3599; x_wconf 85' lang='lat' dir='ltr'>generalis,</span> <span class='ocrx_word' id='word_1_234' title='bbox 1036 3517 1141 3583; x_wconf 89' lang='lat' dir='ltr'>altera</span> <span class='ocrx_word' id='word_1_235' title='bbox 1162 3521 1334 3604; x_wconf 80' lang='lat' dir='ltr'>singuiaris</span> 
     </span>
     <span class='ocr_line' id='line_1_32' title="bbox 196 3617 1334 3707; baseline 0.005 -25"><span class='ocrx_word' id='word_1_236' title='bbox 196 3625 253 3683; x_wconf 86' lang='lat' dir='ltr'>est</span> <span class='ocrx_word' id='word_1_237' title='bbox 295 3617 388 3683; x_wconf 86' lang='lat' dir='ltr'>Hanc</span> <span class='ocrx_word' id='word_1_238' title='bbox 408 3619 692 3684; x_wconf 87' lang='lat' dir='ltr'>inconcinnitatem</span> <span class='ocrx_word' id='word_1_239' title='bbox 714 3620 802 3703; x_wconf 87' lang='lat' dir='ltr'>apud</span> <span class='ocrx_word' id='word_1_240' title='bbox 830 3621 1011 3702; x_wconf 85' lang='lat' dir='ltr'>prosarium</span> <span class='ocrx_word' id='word_1_241' title='bbox 1040 3620 1169 3703; x_wconf 89' lang='lat' dir='ltr'>quidem</span> <span class='ocrx_word' id='word_1_242' title='bbox 1198 3623 1334 3707; x_wconf 88' lang='lat' dir='ltr'>scripto-</span> 
     </span>
     <span class='ocr_line' id='line_1_33' title="bbox 193 3720 1333 3806; baseline 0.007 -23"><span class='ocrx_word' id='word_1_243' title='bbox 193 3741 262 3784; x_wconf 86' lang='lat' dir='ltr'>rem</span> <span class='ocrx_word' id='word_1_244' title='bbox 283 3720 545 3802; x_wconf 84' lang='lat' dir='ltr'>vituperaremus,</span> <span class='ocrx_word' id='word_1_245' title='bbox 567 3728 683 3805; x_wconf 87' lang='lat' dir='ltr'>poetae</span> <span class='ocrx_word' id='word_1_246' title='bbox 704 3743 789 3800; x_wconf 86' lang='lat' dir='ltr'>vero,</span> <span class='ocrx_word' id='word_1_247' title='bbox 812 3721 932 3806; x_wconf 90' lang='lat' dir='ltr'>quippe</span> <span class='ocrx_word' id='word_1_248' title='bbox 953 3722 1011 3804; x_wconf 86' lang='lat' dir='ltr'>qui</span> <span class='ocrx_word' id='word_1_249' title='bbox 1029 3743 1081 3788; x_wconf 90' lang='lat' dir='ltr'>res</span> <span class='ocrx_word' id='word_1_250' title='bbox 1097 3733 1261 3791; x_wconf 87' lang='lat' dir='ltr'>concretas</span> <span class='ocrx_word' id='word_1_251' title='bbox 1276 3725 1333 3791; x_wconf 89' lang='lat' dir='ltr'>ab·</span> 
     </span>
     <span class='ocr_line' id='line_1_34' title="bbox 194 3821 1034 3904; baseline 0.004 -18"><span class='ocrx_word' id='word_1_252' title='bbox 194 3821 326 3886; x_wconf 80' lang='lat' dir='ltr'>structis</span> <span class='ocrx_word' id='word_1_253' title='bbox 346 3821 521 3904; x_wconf 86' lang='lat' dir='ltr'>praeferat,</span> <span class='ocrx_word' id='word_1_254' title='bbox 544 3843 659 3904; x_wconf 88' lang='lat' dir='ltr'>magno</span> <span class='ocrx_word' id='word_1_255' title='bbox 681 3825 759 3888; x_wconf 90' lang='grc'><strong>01110</strong></span> <span class='ocrx_word' id='word_1_256' title='bbox 781 3844 844 3887; x_wconf 89' lang='grc'>000</span> <span class='ocrx_word' id='word_1_257' title='bbox 866 3830 1034 3889; x_wconf 89' lang='lat' dir='ltr'>vertemus.</span> 
     </span>
    </p>

    <p class='ocr_par' dir='ltr' id='par_1_7' title="bbox 193 3924 1335 4315">
     <span class='ocr_line' id='line_1_35' title="bbox 279 3924 1335 4006; baseline 0.006 -19"><span class='ocrx_word' id='word_1_258' title='bbox 279 3924 403 3988; x_wconf 89' lang='lat' dir='ltr'>Deinde</span> <span class='ocrx_word' id='word_1_259' title='bbox 434 3924 522 4006; x_wconf 91' lang='lat' dir='ltr'>quod</span> <span class='ocrx_word' id='word_1_260' title='bbox 554 3924 762 3990; x_wconf 87' lang='lat' dir='ltr'>Neumannus</span> <span class='ocrx_word' id='word_1_261' title='bbox 794 3924 981 3990; x_wconf 90' lang='lat' dir='ltr'>Lucretium</span> <span class='ocrx_word' id='word_1_262' title='bbox 1011 3944 1058 3990; x_wconf 91' lang='grc'>00.</span> <span class='ocrx_word' id='word_1_263' title='bbox 1093 3926 1259 3991; x_wconf 75' lang='lat'><strong>322-327</strong></span> <span class='ocrx_word' id='word_1_264' title='bbox 1296 3948 1335 3993; x_wconf 86' lang='lat' dir='ltr'>ea</span> 
     </span>
     <span class='ocr_line' id='line_1_36' title="bbox 195 4024 1333 4110; baseline 0.003 -19"><span class='ocrx_word' id='word_1_265' title='bbox 195 4024 464 4110; x_wconf 87' lang='lat' dir='ltr'>comprehendere</span> <span class='ocrx_word' id='word_1_266' title='bbox 485 4025 574 4104; x_wconf 86' lang='lat' dir='ltr'>dicit,</span> <span class='ocrx_word' id='word_1_267' title='bbox 597 4047 681 4109; x_wconf 89' lang='lat' dir='ltr'>quae</span> <span class='ocrx_word' id='word_1_268' title='bbox 702 4032 799 4092; x_wconf 90' lang='lat' dir='ltr'>antea</span> <span class='ocrx_word' id='word_1_269' title='bbox 819 4025 953 4109; x_wconf 84' lang='lat' dir='ltr'>singulis</span> <span class='ocrx_word' id='word_1_270' title='bbox 968 4024 1121 4110; x_wconf 84' lang='lat' dir='ltr'>exemplis</span> <span class='ocrx_word' id='word_1_271' title='bbox 1135 4027 1333 4094; x_wconf 87' lang='lat' dir='ltr'>demonstra·</span> 
     </span>
     <span class='ocr_line' id='line_1_37' title="bbox 193 4127 1332 4212; baseline 0.002 -19"><span class='ocrx_word' id='word_1_272' title='bbox 193 4129 286 4206; x_wconf 79' lang='lat' dir='ltr'>verit,</span> <span class='ocrx_word' id='word_1_273' title='bbox 307 4150 419 4194; x_wconf 85' lang='lat' dir='ltr'>verum</span> <span class='ocrx_word' id='word_1_274' title='bbox 439 4149 502 4193; x_wconf 91' lang='lat' dir='ltr'>non</span> <span class='ocrx_word' id='word_1_275' title='bbox 524 4135 582 4194; x_wconf 89' lang='grc'><strong>001.</strong></span> <span class='ocrx_word' id='word_1_276' title='bbox 624 4127 706 4192; x_wconf 89' lang='lat' dir='ltr'>Nam</span> <span class='ocrx_word' id='word_1_277' title='bbox 727 4128 784 4193; x_wconf 89' lang='lat' dir='ltr'>ubi</span> <span class='ocrx_word' id='word_1_278' title='bbox 806 4135 881 4194; x_wconf 87' lang='lat' dir='ltr'>sunt</span> <span class='ocrx_word' id='word_1_279' title='bbox 903 4147 942 4193; x_wconf 87' lang='lat' dir='ltr'>oa</span> <span class='ocrx_word' id='word_1_280' title='bbox 964 4127 1110 4212; x_wconf 84' lang='lat' dir='ltr'>exempla</span> <span class='ocrx_word' id='word_1_281' title='bbox 1122 4129 1240 4211; x_wconf 91' lang='lat' dir='ltr'>quibus</span> <span class='ocrx_word' id='word_1_282' title='bbox 1262 4149 1332 4195; x_wconf 90' lang='lat' dir='ltr'>cor-</span> 
     </span>
     <span class='ocr_line' id='line_1_38' title="bbox 194 4229 1333 4315; baseline 0 -19"><span class='ocrx_word' id='word_1_283' title='bbox 194 4235 275 4313; x_wconf 90' lang='lat' dir='ltr'>pora</span> <span class='ocrx_word' id='word_1_284' title='bbox 303 4251 324 4296; x_wconf 87' lang='lat' dir='ltr'>a</span> <span class='ocrx_word' id='word_1_285' title='bbox 351 4230 449 4296; x_wconf 84' lang='lat' dir='ltr'>rebus</span> <span class='ocrx_word' id='word_1_286' title='bbox 470 4229 629 4313; x_wconf 88' lang='lat' dir='ltr'>paulatim</span> <span class='ocrx_word' id='word_1_287' title='bbox 650 4230 867 4296; x_wconf 84' lang='lat' dir='ltr'>crescentibus</span> <span class='ocrx_word' id='word_1_288' title='bbox 889 4236 1025 4314; x_wconf 83' lang='lat' dir='ltr'>accepta</span> <span class='ocrx_word' id='word_1_289' title='bbox 1047 4231 1133 4296; x_wconf 87' lang='lat' dir='ltr'>cerni</span> <span class='ocrx_word' id='word_1_290' title='bbox 1155 4251 1219 4296; x_wconf 91' lang='lat' dir='ltr'>non</span> <span class='ocrx_word' id='word_1_291' title='bbox 1240 4250 1333 4315; x_wconf 85' lang='lat' dir='ltr'>posse</span> 
     </span>
    </p>
   </div>
   <div class='ocr_carea' id='block_1_6' title="bbox 0 0 1488 4800">
    <p class='ocr_par' dir='ltr' id='par_1_8' title="bbox 0 0 1488 4800">
     <span class='ocr_line' id='line_1_39' title="bbox 0 0 1488 4800; baseline 0 0"><span class='ocrx_word' id='word_1_292' title='bbox 0 0 1488 4800; x_wconf 95' lang='lat' dir='ltr'> </span> 
     </span>
    </p>
   </div>
  </div>
 </body>
</html>
