2966 4800
752 251 771 314 7

190 443 319 502 tantum
339 434 426 502 locos
447 442 590 502 uectore
610 434 717 514 liceat,
740 436 862 520 quibus
878 436 1022 504 homines
1043 435 1130 504 docti
1159 459 1223 504 non
1242 445 1331 504 recte

190 538 358 604 videantur
379 538 623 623 transposuisse.

274 667 334 732 His
355 667 562 751 praemonitis
583 667 648 732 iam
670 665 713 730 ad
740 665 883 748 singrdoe
902 665 989 732 locos
1004 667 1193 734 accedamus
1215 670 1331 736 carmi-

190 769 240 834 nis
261 769 363 853 ipsins
385 768 530 834 ordinem
551 769 662 834 secuti.
1254 777 1257 785 ’
1312 755 1315 762 ’

561 1049 592 1131 1,
624 1049 968 1125 50-613136-148.

274 1245 323 1310 De
337 1244 412 1309 libri
427 1244 451 1308 L
466 1243 628 1327 prooemio
642 1241 787 1306 homines
802 1241 889 1307 docti
911 1241 1142 1308 diversissimas
1157 1249 1331 1312 sententias

139 1429 141 1436 Ι
189 1347 401 1431 protulerunt
451 1345 501 1410 Ab
541 1366 608 1410 nne
634 1351 729 1427 parte
759 1351 902 1411 extrema
939 1351 1007 1411 stat
1034 1344 1330 1425 Bockemuellerus3

189 1449 246 1532 qui
266 1469 330 1514 non
352 1448 455 1514 solum
476 1467 524 1512 vv.
542 1447 718 1524 102-135,
741 1446 862 1529 qnippe
876 1447 933 1528 qui
947 1447 981 1510 in
995 1448 1157 1532 prooemio
1172 1448 1215 1514 ad
1229 1449 1330 1516 Mem-

188 1551 288 1617 mium
307 1551 405 1616 misso
425 1550 533 1616 locum
554 1569 618 1614 non
639 1547 782 1614 habeant
812 1555 845 1612 et
867 1549 980 1632 scripti
1002 1549 1076 1628 sint,
1100 1570 1164 1632 qno
1186 1557 1331 1636 tempore

189 1653 360 1719 Lucretius
382 1674 456 1718 oum
475 1651 624 1716 Memmio
640 1649 894 1720 ¹familiaritatem
915 1650 1056 1716 nondum
1076 1651 1196 1729 inierit,
1219 1673 1330 1722 aeon·

189 1756 342 1821 tinnitate
376 1754 526 1820 carminis
556 1750 770 1834 seiungendos
804 1770 873 1814 esse
905 1758 1010 1834 putat
1044 1750 1103 1816 sed
1132 1752 1230 1818 etiam
1251 1754 1329 1833 eiua,

189 1855 277 1938 quod
298 1856 340 1920 ad
362 1855 548 1920 Memmium
567 1854 701 1918 missum
721 1853 773 1928 sit,
804 1853 958 1935 prooemii
986 1873 1084 1918 unam
1111 1861 1237 1936 partem
1268 1855 1330 1939 (vv.

189 1957 332 2042 50-61)
362 1956 633 2040 transponendum
663 1975 731 2020 esse
760 1960 876 2019 censet
925 1951 1050 2020 Medias
1079 1961 1190 2037 partes
1218 1962 1331 2022 tenent

189 2057 352 2124 Jessenius
389 2056 648 2143 (Jahrosbericht
686 2057 743 2121 der
775 2054 884 2120 Kieler
917 2053 1204 2121 Gelehrtcnsehule
1238 2059 1329 2138 1872,

189 2181 262 2244 pag.
283 2161 325 2226 20
348 2161 462 2244 seqq.),
483 2160 655 2242 Briogerus
678 2157 806 2244 (Philol.
829 2158 880 2236 23,
902 2157 965 2222 456
979 2155 1094 2241 seqq.),
1117 2157 1329 2227 Stuercnbur·

189 2282 249 2344 gns
272 2261 369 2345 (Acte
396 2283 458 2328 soc.
488 2260 567 2345 phil.
589 2261 744 2344 Lipsiens.
769 2259 860 2336 1874,
890 2257 930 2334 Π,
961 2258 1024 2323 373
1051 2261 1180 2344 seqq..):
1211 2264 1268 2344 qui
1294 2264 1328 2330 in

189 2363 335 2435 omnibus
357 2364 511 2447 prooemii
532 2361 681 2447 pertibus
711 2359 936 2444 componendis
958 2365 1087 2442 poetam
1116 2370 1192 2429 ente
1219 2365 1329 2432 oeulos

188 2463 339 2530 habuisse
360 2464 553 2541 Memmium,
573 2463 744 2530 nonnullas
766 2469 875 2530 autem
895 2481 960 2530 non
981 2463 1061 2527 satis
1082 2471 1159 2547 apte
1181 2467 1331 2533 carminis

189 2566 396 2630 continuitati
416 2566 514 2630 inseri
535 2585 629 2648 posse
651 2571 709 2630 aut
728 2563 984 2647 transponendus
1008 2583 1076 2630 esse
1098 2575 1236 2632 censent
1280 2569 1330 2634 Ab

188 2665 292 2732 altera
313 2667 452 2750 denique
474 2674 568 2750 parte
590 2674 734 2734 extrema
755 2673 823 2732 stat
844 2663 1020 2730 Vahlenius
1043 2666 1330 2751 (Monatsberichte

188 2764 246 2831 der
267 2768 410 2834 Berliner
424 2769 523 2836 Acad.
548 2769 641 2848 1877,
663 2789 735 2853 pag.
751 2769 815 2834 479
836 2768 951 2853 sequ),
974 2769 1030 2851 qui
1052 2790 1161 2836 omnes
1177 2773 1330 2853 prooemii

187 2877 298 2952 partes
321 2890 378 2935 suo
401 2871 513 2936 ordine
533 2870 625 2936 nobis
646 2871 785 2937 traditas
808 2890 980 2952 omnesque
1008 2892 1048 2936 ex
1069 2891 1133 2936 uno
1155 2872 1330 2956 eodemque

187 2979 302 3054 poetae
323 2972 454 3038 consilio
476 2971 606 3038 fluxisse
628 2973 773 3038 evincere
794 2971 927 3036 studuit

272 3099 353 3164 Eam
368 3108 455 3166 certe
469 3100 724 3166 Beckemuelleri
738 3101 928 3184 opinionem,
951 3119 1017 3182 qna
1032 3119 1079 3163 vv.
1098 3099 1267 3166 lta-135
1290 3121 1329 3166 ex

188 3202 339 3268 carminis
361 3203 571 3268 continuitate
593 3201 752 3268 tollendos
782 3221 851 3266 csse
878 3207 985 3285 putet,
1016 3202 1201 3266 accuratius
1230 3222 1251 3267 a
1278 3224 1329 3268 me

186 3304 324 3368 refutari
344 3324 425 3387 opus
446 3325 509 3370 non
532 3310 591 3382 est,
623 3322 696 3369 cum
721 3304 895 3366 maximam
922 3307 1048 3384 partem
1077 3322 1116 3366 ex
1145 3301 1229 3368 falsa
1260 3305 1328 3370 eius

187 3405 228 3470 de
249 3406 350 3471 totius
373 3408 523 3472 carminis
545 3406 730 3473 condicione
751 3404 912 3468 sententia
939 3409 1017 3468 nata
1038 3404 1081 3468 sit
1109 3403 1164 3488 (cf.
1187 3404 1328 3488 Bricger.

186 3507 341 3574 Bursians
362 3507 625 3574 Jahresberichte
649 3506 740 3583 1876,
762 3505 802 3583 Π,
828 3504 914 3589 162).
966 3504 1083 3569 Omnes
1112 3512 1220 3572 autem
1242 3507 1328 3572 diffi-

187 3609 325 3676 cultates
346 3610 472 3694 poeitae
495 3617 571 3676 sunt
591 3631 665 3676 cum
686 3609 718 3672 in
739 3606 881 3672 Memmii
902 3605 1120 3690 appellatione
1142 3607 1328 3674 desiderate

185 3717 256 3776 tum
276 3712 311 3775 in
331 3733 379 3776 vv.
393 3712 519 3777 50-61
544 3718 577 3776 et
600 3709 768 3776 les-145
783 3709 986 3775 collocandis.
1024 3707 1147 3786 Quibus
1168 3708 1209 3773 de
1230 3709 1327 3776 rebus

185 3812 378 3878 Vahlenium
398 3813 501 3878 multa
520 3812 613 3878 illum
633 3811 763 3896 quidem
784 3817 872 3877 recte
894 3809 936 3875 ad
954 3810 1098 3893 Briegeri
1120 3816 1154 3875 et
1175 3808 1326 3876 Stucren·

185 3914 281 3996 burgi
302 3915 477 3980 sententies
491 3913 681 3980 refirtendas
695 3913 844 3979 attulisse
857 3918 954 3997 puto;
977 3911 1034 3976 sed
1047 3912 1154 3976 nescio
1169 3933 1211 3977 an
1225 3914 1326 3978 inter-

185 4017 366 4099 pretatione
388 4036 447 4082 sua
467 4017 629 4083 interdum
651 4036 705 4081 eas
726 4037 811 4098 quae
831 4014 896 4078 illis
922 4011 1087 4078 offensioni
1115 4013 1247 4079 fuerumt
1274 4035 1326 4079 res

185 4119 387 4183 excusaverit
415 4120 518 4203 magis
545 4139 644 4202 quam
675 4118 802 4182 omnino
832 4115 1013 4182 offensionis
1035 4135 1149 4181 causas
1171 4136 1235 4181 non
1256 4135 1326 4181 esee

184 4219 377 4302 probaverit.
