2966 4800
594 686 639 769 V,
668 687 804 753 ete-27.

218 899 434 983 complurium
466 903 696 966 sententiarum
725 902 867 967 secunda
892 924 919 967 v.
942 904 985 968 26
1013 903 1145 969 ducitur
1171 906 1275 988 parti-

132 1001 206 1066 cula
226 1002 403 1085 denique.
445 1002 483 1068 Id
505 1002 575 1068 fieri
597 1024 661 1068 non
682 1023 776 1086 posse
799 1024 872 1068 cum
885 1004 1163 1070 Bockemuellerus
1186 1014 1274 1072 recte

130 1103 271 1183 vidisset,
294 1104 382 1170 hunc
403 1125 530 1170 versum
551 1107 597 1170 sic
619 1104 789 1170 emendare
810 1107 950 1173 studuit:

217 1233 397 1316 undeque
419 1235 515 1317 quid
530 1234 671 1300 Cretae
692 1241 834 1300 taurus
854 1235 1110 1318 Lernaeaque
1135 1239 1274 1321 pestis.

131 1363 194 1430 Sed
216 1384 289 1428 oum
309 1363 344 1428 id
367 1371 453 1430 certe
474 1365 704 1430 Lucretianum
724 1384 789 1429 non
811 1365 863 1444 sit,
886 1386 991 1448 neque
1019 1365 1146 1435 omnino
1174 1369 1273 1433 versi-

130 1464 205 1529 mile
226 1467 270 1530 sit
290 1465 458 1548 denique
482 1488 522 1530 ex
543 1466 607 1530 alio
628 1464 783 1532 vocabulo
808 1473 994 1550 comuptum
1024 1487 1102 1546 esse,
1137 1489 1195 1552 ego
1226 1493 1274 1536 vv.

130 1567 173 1635 26
195 1569 289 1633 4121
313 1574 387 1652 post
407 1588 533 1634 versum
555 1568 597 1632 36
618 1587 725 1650 pono.
769 1567 968 1654 Denique,
997 1569 1084 1651 quod
1104 1569 1223 1652 legitur
1244 1595 1272 1636 v.

130 1669 182 1747 34,
202 1689 333 1751 prorsus
354 1671 420 1736 alia
439 1669 671 1752 significatione
693 1675 885 1752 usurpatum
908 1677 965 1748 est,
1000 1669 1039 1736 of.
1060 1671 1125 1736 424
1146 1679 1179 1736 et
1200 1673 1272 1738 418.

585 1895 624 1974 V,
638 1893 817 1960 235-323.

213 2065 251 2131 V.
273 2065 336 2130 235
365 2065 504 2150 primum
533 2063 712 2128 nativitatis
745 2070 778 2128 et
806 2060 1014 2128 mortalitatis
1040 2062 1152 2127 mundi
1175 2085 1271 2146 argn-

129 2174 271 2231 mentum
293 2165 407 2249 incipit
428 2165 515 2248 quod
536 2187 576 2230 ex
596 2165 767 2230 nativitate
790 2169 823 2229 et
843 2163 1041 2230 mortalitate
1060 2167 1272 2232 maximorum

129 2269 240 2334 mundi
272 2269 494 2348 membrorum,
525 2274 640 2346 terrae,
669 2267 762 2349 ignis,
792 2267 886 2344 adria,
913 2267 1042 2346 umoris,
1067 2267 1271 2350 desumptum

130 2378 187 2436 est.
230 2369 363 2452 Singula
394 2369 477 2436 haec
506 2369 617 2434 mundi
648 2368 792 2434 membra
825 2369 936 2433 nativa
968 2373 1002 2432 et
1031 2367 1181 2435 mortalia
1202 2388 1271 2435 esse

129 2471 298 2540 aet-305
321 2473 568 2550 demonstratur,
595 2473 628 2536 in
657 2467 775 2556 quibus
797 2470 962 2535 offensioni
984 2475 1043 2548 est,
1067 2470 1153 2554 quod
1175 2480 1270 2554 quat-

128 2580 204 2639 tuor
227 2582 486 2656 argumentorum
508 2574 646 2638 alterum
667 2573 797 2638 ducitur
818 2570 923 2636 verbis
946 2569 1046 2656 quod
1069 2579 1269 2658 superest.

128 2675 197 2742 Iam
219 2673 474 2758 Stuerenburgus
494 2713 537 2726 -
565 2676 622 2759 qui
643 2673 786 2758 singulos
806 2673 893 2738 locos
922 2669 1040 2757 quibus
1061 2672 1142 2740 haec
1170 2673 1268 2740 verba

129 2777 334 2842 inveniuntur
356 2779 549 2849 examinavit
571 2815 614 2826 -
636 2797 709 2862 pag.
733 2775 795 2841 383
818 2775 853 2840 id
877 2775 955 2840 ferri
978 2795 1041 2840 non
1063 2795 1156 2858 posse
1178 2784 1271 2842 ratus

129 2879 309 2946 hominibus
332 2875 434 2945 doctis
458 2876 700 2958 commendavit,
729 2886 766 2944 ut
793 2875 872 2961 quid
900 2878 962 2966 hoc
990 2876 1061 2942 loco
1087 2876 1270 2943 faciendum

131 2987 224 3061 esset,
246 2982 399 3048 uiderent.
442 2981 617 3048 Vahlenius
639 2979 659 3046 l.
684 3002 710 3046 o.
732 3001 805 3064 pag.
828 2977 890 3044 488
914 2977 942 3045 ei
966 2969 1160 3044 contradixit
1181 2985 1270 3046 recte

14 3147 15 3164 2
129 3081 281 3150 hocloco
303 3083 409 3168 quod
430 3089 619 3168 superest
642 3085 784 3168 positum
806 3103 875 3147 esse
898 3089 931 3150 et
951 3081 1017 3148 iam
1039 3077 1101 3145 hoc
1115 3079 1184 3163 ipso
1198 3079 1270 3146 loco

14 3263 15 3266 Ἴ
131 3207 200 3252 eam
222 3207 319 3269 quam
341 3185 598 3269 Stuerenburgus
620 3185 660 3250 de
683 3185 798 3251 horum
820 3185 990 3249 verborum
1018 3201 1078 3247 usu
1110 3189 1270 3248 statueret

14 4215 16 4290 1

128 3290 232 3372 legem
253 3285 368 3354 falsam
389 3309 458 3353 esse
479 3289 691 3353 demonstrari
713 3288 898 3352 arbitratus.
934 3285 1053 3350 Contra
1075 3303 1114 3349 ea
1128 3281 1270 3350 eiusdem

130 3413 168 3456 ac
190 3391 447 3474 Stuerenburgus
468 3389 647 3456 sententiae
668 3388 731 3456 fuit
752 3385 1040 3465 Bookemuellerus‚
1065 3386 1121 3468 qui
1142 3404 1189 3450 vv.
1205 3387 1267 3451 261

130 3495 234 3559 —272
256 3498 331 3576 post
352 3515 379 3558 v.
396 3493 458 3558 305
480 3493 608 3576 posnlt3
631 3491 723 3573 eique
745 3511 894 3556 assensus
917 3496 966 3554 est
986 3487 1157 3570 Briegerus
1172 3487 1269 3574 (Bur-

130 3597 209 3660 sian.
234 3593 389 3675 187411,
413 3595 497 3682 169).
541 3593 625 3659 Huic
648 3593 785 3676 quaein
807 3592 913 3656 verbis
942 3584 1047 3673 'quod
1077 3597 1268 3673 superest

128 3699 235 3782 posita
257 3703 306 3762 eet
327 3695 512 3763 difficultati
535 3695 691 3761 accedent
712 3692 804 3772 aliae,
827 3713 908 3776 quas
928 3690 1085 3776 praebent
1105 3711 1162 3756 eae
1184 3712 1268 3774 quae

130 3819 256 3865 versum
289 3799 351 3864 305
383 3805 562 3882 sequuntur
594 3803 719 3880 partos,
749 3817 797 3860 vv.
825 3794 993 3860 eoo-317
1026 3798 1060 3858 et
1089 3793 1268 3858 tto-2323.

128 3901 219 3966 Illam
246 3900 506 3966 Boukemdllerus
536 3899 657 3964 solvere
687 3897 814 3962 studuit
838 3895 982 3960 versibus
1004 3895 1172 3959 ooo-ort
1194 3900 1268 3977 post
1386 3931 1390 3940 ·

129 4023 157 4068 v.
179 4003 242 4067 260
265 4001 445 4078 collocatis3
477 4019 587 4066 versus
613 4007 722 4065 autem
749 3997 942 4072 olea-323,
971 3995 1028 4060 ubi
1056 3995 1171 4060 traditi
1192 4003 1268 4060 sunt

127 4105 269 4171 retinuit.

212 4233 319 4316 Atque
350 4239 388 4298 ut
418 4233 557 4317 primum
585 4230 626 4293 de
657 4228 800 4294 versibus
829 4227 999 4292 318-323
1028 4245 1123 4308 agam
1143 4225 1266 4299 Boulis-
