2966 4800
702 242 742 305 10

151 421 257 490 locum
278 422 387 503 habet,
410 433 592 508 antequam,
616 449 775 510 quaenam
801 435 834 493 et
855 427 961 511 qualis
989 436 1073 494 esset
1100 429 1182 495 haec
1210 431 1292 496 doc--

152 526 248 603 trina,
271 525 465 608 significavit
484 530 503 593 i.
527 551 552 594 e.
574 536 650 595 ante
671 553 719 595 vv.
742 531 876 596 61-79,
923 530 995 596 Hae
1021 539 1142 611 contra,
1171 534 1289 616 quibus

151 627 315 710 opiniones
336 631 574 712 praeiudicatae
590 640 623 696 et
637 633 890 715 superstitiones,
913 654 997 716 quae
1011 633 1106 717 vulgo
1120 635 1288 702 doctrinas

151 749 229 794 strae
249 730 385 796 infestae
406 733 481 811 sint,
503 755 649 799 amovere
671 735 790 813 studet,
812 733 950 818 intelligi
977 737 1106 801 omnino
1127 758 1191 802 non
1211 759 1288 822 pos·

151 837 236 909 sumt,
258 832 321 896 nisi
341 834 410 898 iam·
427 835 549 917 paucis
576 837 681 918 qualis
714 844 798 902 esset
831 837 987 916 doctrina,
1020 837 1198 905 indicatum
1231 849 1287 907 est.

150 932 198 998 Rc
212 955 288 999 vera
302 942 409 1001 autem
424 935 648 1004 offendendum
663 945 713 1003 est
726 939 758 1002 in
774 961 821 1003 vv.
837 938 973 1017 54-61,
989 940 1046 1022 qui
1062 962 1135 1006 cum
1148 943 1288 1009 universi

152 1038 302 1102 carminis
323 1059 479 1104 summam
507 1077 548 1088 -
578 1039 660 1106 nihil
681 1040 771 1107 aliud
791 1041 833 1104 in.
848 1063 897 1105 vv.
917 1041 960 1106 54
982 1049 1015 1106 et
1035 1042 1077 1108 55
1098 1043 1168 1109 init
1186 1067 1288 1128 quae-

150 1139 287 1204 rendum
308 1140 436 1206 videtur
468 1179 508 1189 -·
543 1143 683 1207 breviter
714 1142 861 1208 indicant
889 1149 959 1207 tum
986 1143 1105 1208 libriL
1134 1145 1288 1213 thematis

150 1243 401 1324 propositionem
442 1265 516 1310 cum
549 1250 703 1310 accurata
737 1250 917 1310 atomorum
951 1245 1175 1330 terminologie
1212 1271 1287 1314 con-

150 1344 293 1409 iunctam
326 1347 497 1410 continent.
551 1346 643 1410 Talia
671 1352 778 1411 antem
815 1353 892 1411 ante
919 1350 1158 1414 accuratiorem
1190 1372 1287 1434 argu·

150 1447 250 1511 menti
273 1468 375 1530 paene
396 1449 496 1512 totius
517 1448 776 1531 propositionem,
799 1469 882 1531 quae
902 1450 936 1513 in
951 1472 998 1515 vv.
1013 1451 1180 1518 127—135
1194 1454 1288 1532 inest,

150 1569 211 1613 non
234 1555 314 1633 apta
336 1571 404 1615 esse
425 1569 529 1632 neque
551 1551 677 1614 omnino
707 1549 814 1616 locum
840 1551 961 1616 habere
989 1553 1051 1616 nisi
1081 1561 1156 1618 ante
1185 1556 1289 1639 ipsam

149 1651 225 1717 libri
245 1652 269 1716 1.
292 1652 600 1736 argumentationem
621 1661 766 1736 apparet.
808 1653 856 1718 Ac
882 1655 909 1718 si
931 1655 1004 1736 quis
1026 1654 1211 1722 Lumetium
1238 1660 1288 1723 ni-

149 1754 198 1820 hil
219 1755 308 1820 aliud
329 1755 473 1821 versibus
494 1757 619 1821 54—61
642 1753 768 1820 efficere
788 1755 926 1820 voluisse
947 1755 1045 1833 dicat,
1067 1759 1131 1824 nisi
1151 1767 1189 1825 ut
1211 1761 1287 1827 doc-

149 1858 269 1923 trinam
290 1877 382 1922 suam
403 1859 617 1925 atomisticem
646 1879 714 1923 esse
743 1857 915 1940 significet:
951 1858 994 1923 ad
1024 1860 1059 1923 id
1087 1859 1288 1928 efficiendum

150 1966 237 2024 certe
258 1966 326 2024 tem
347 1967 501 2026 accurata
521 1960 770 2044 primordiorum
790 1958 1013 2042 terminclogia
1034 1982 1115 2044 opus
1129 1985 1193 2028 non
1209 1973 1287 2030 erat.

150 2061 194 2126 Et
222 2063 250 2126 si
278 2061 453 2127 Vahlenius
482 2083 554 2145 pag.
576 2064 640 2128 493
661 2062 924 2138 necessariam
954 2061 1044 2126 illam
1072 2066 1204 2146 quidem
1224 2088 1288 2132 non

152 2185 220 2229 esse
250 2164 346 2241 dicit,
369 2164 426 2229 sed
448 2174 519 2228 noh
540 2164 736 2242 inutilem,
765 2172 803 2229 ut
832 2164 943 2228 statim
969 2165 1003 2228 in
1024 2165 1117 2230 initio
1139 2170 1288 2234 carminis

150 2273 316 2350 appareat,
339 2265 445 2349 qualis
466 2265 509 2330 sit
531 2287 569 2331 ea
590 2267 746 2344 doctrina,
770 2269 961 2349 quaomnia
990 2289 1030 2332 ex
1058 2289 1167 2332 rerum
1193 2273 1288 2336 semi-

149 2367 243 2433 nibus
266 2368 332 2432 sine
353 2368 487 2434 deorum
509 2368 628 2434 auxilio
656 2368 750 2434 fiant:
781 2391 839 2434 cur
866 2370 1045 2449 Lucretius,
1076 2372 1103 2435 si
1131 2373 1194 2437 iam
1225 2373 1287 2438 hoc

148 2469 218 2535 loco
242 2469 354 2535 efferre
374 2470 484 2549 voluit,
509 2471 684 2537 secundum
707 2492 799 2536 suam
820 2472 1000 2537 doctrinam
1022 2474 1129 2538 omnia
1143 2474 1211 2538 sine
1232 2475 1288 2538 de·

149 2592 241 2637 orum
262 2593 360 2655 opera
380 2572 451 2637 fieri
471 2613 513 2621 -
536 2595 593 2638 cur
614 2573 649 2637 id
670 2594 734 2638 non
756 2575 914 2656 expressis
942 2575 1047 2640 verbis
1069 2576 1227 2659 protulit?
1256 2583 1289 2641 et

149 2674 228 2757 quid
250 2675 292 2739 ad
313 2672 398 2739 hanc
420 2676 613 2740 sententiam
634 2675 860 2741 illustrandam
883 2676 1051 2742 conferrmt
1072 2700 1119 2742 vv.
1139 2678 1288 2742 58-61?

148 2777 295 2859 Denique
317 2776 404 2858 quod
418 2775 593 2841 Vahlenius
613 2797 687 2860 pag.
698 2778 760 2842 497
783 2778 827 2841 ad
847 2777 1074 2844 illustrandam
1096 2801 1168 2844 eam
1188 2781 1288 2845 ratio-

149 2901 231 2957 nem,
265 2900 332 2962 qua
352 2877 521 2943 Lucretius
553 2884 627 2961 post
658 2900 705 2941 vv.
727 2878 852 2942 54-61
887 2900 1001 2945 novam
1035 2882 1134 2946 etiam
1162 2888 1289 2965 partem

149 2981 304 3065 prooemii
326 2979 436 3058 addat,
458 2979 513 3057 ΠΙ,
537 2980 663 3044 31-93
685 2986 719 3043 et
728 2979 782 3058 IV,
805 2981 933 3047 43-95
955 2989 1130 3066 comparat,
1157 3003 1288 3049 monen-

149 3084 227 3148 dum
249 3089 298 3147 est
318 3101 451 3166 prorsus
473 3082 667 3147 contrariam
687 3081 734 3146 ibi
747 3082 883 3147 inveniri
897 3085 1064 3163 rationem,
1087 3092 1120 3150 et
1134 3085 1171 3148 id
1183 3086 1289 3168 ipsum

150 3185 276 3260 deesse,
306 3183 393 3266 quod
421 3182 475 3247 hic
504 3182 668 3248 chomani
698 3192 755 3249 est.
797 3185 846 3250 lbi
875 3186 959 3250 enim
984 3186 1169 3264 Lucretius,
1198 3194 1288 3270 post-

149 3307 247 3370 quam
269 3285 338 3371 (111,
363 3286 467 3350 1-30
497 3292 531 3350 et
558 3285 611 3363 VI,
635 3287 753 3372 1-42)
784 3287 826 3352 de
846 3287 978 3370 Epicuri
1004 3288 1128 3354 meritis
1158 3289 1289 3372 ejusque

148 3388 297 3453 doctrina
316 3387 348 3450 in
373 3387 555 3452 uuiversum
577 3387 739 3466 disseruit,
761 3409 814 3453 res
832 3388 976 3471 singulas
1001 3389 1066 3454 illis
1087 3390 1179 3456 libris
1201 3396 1288 3456 trac-

148 3491 265 3556 tandas
286 3489 453 3572 proponit3
475 3487 529 3552 hic
542 3495 663 3567 contre,
686 3497 858 3573 postquam
873 3509 913 3554 ea
926 3490 991 3554 iam
1005 3493 1182 3575 proposuit,
1205 3513 1289 3574 quae

150 3592 192 3658 nd
219 3593 338 3658 librum
358 3591 382 3655 I.
404 3591 454 3656 rel
475 3591 499 3654 L
523 3598 556 3656 et
576 3591 615 3655 ll
647 3593 848 3675 potissimum
869 3594 1039 3674 pertinent,
1069 3601 1140 3657 tum
1160 3594 1288 3660 demum

148 3695 281 3779 Epicuri
311 3692 424 3760 laudes
457 3692 599 3758 celebrat
631 3700 665 3758 et
696 3694 736 3758 de
769 3695 837 3759 eius
870 3694 1018 3760 doctriua
1050 3696 1084 3760 in
1106 3698 1289 3764 universum

148 3797 246 3863 verba
266 3796 354 3861 facit.

232 3899 347 3981 Itaque
371 3918 418 3974 ea,
441 3897 482 3962 de
505 3919 571 3980 qua
585 3897 761 3963 Vahlenius
781 3898 816 3962 in
836 3897 900 3962 fine
921 3901 1197 3965 commentationis
1212 3921 1289 3965 suae

103 4000 108 4009 '
150 4000 234 4064 dixit
263 4000 431 4077 sententia,
462 4000 651 4082 accipienda
679 3999 759 4064 mihi
789 4001 931 4066 videtur:
959 4001 1146 4068 Lucretium
1176 4008 1290 4085 postea

149 4102 313 4168 addidisse
333 4124 381 4166 vv.
397 4101 555 4179 62-148,
579 4101 655 4166 olim
677 4104 789 4168 statim
804 4111 879 4186 post
893 4126 920 4167 v.
937 4105 975 4168 61
994 4105 1036 4168 ad
1051 4105 1155 4186 ipsam
1169 4104 1289 4169 docui-

148 4224 223 4270 nam
246 4201 466 4288 exponendam
487 4204 668 4268 accessisse.
874 4243 876 4248 ν
